3496 4954
613 627 719 702 Book
735 623 901 698 I-Ode
916 621 1123 696 XXVIII.
1142 655 1144 660 ’
1305 649 1373 719 133

606 996 609 1004 ·
721 983 827 1042 Cauni.
844 978 997 1038 XXVIII.

505 1159 550 1227 Te
564 1163 657 1224 maris
671 1172 702 1222 et
716 1171 803 1220 terrae
818 1176 1006 1238 numeroque
1021 1157 1154 1218 carentis
1168 1177 1268 1220 arenae

625 1264 803 1323 Mensorem
817 1258 971 1330 cohibent,
981 1257 1126 1336 Archyta,
1192 1326 1195 1332 Ι

506 1364 643 1426 Pulveris
657 1361 757 1440 exigui
771 1379 866 1438 prope
881 1360 953 1420 litus
966 1377 1061 1436 parva
1076 1357 1227 1417 Matinum
1260 1412 1265 1422 ,

627 1466 767 1536 Munera,
783 1478 842 1519 nec
857 1458 1024 1536 quidquam
1039 1457 1094 1517 tibi
1107 1457 1233 1535 prodest

506 1665 616 1726 Aerias
630 1673 764 1726 tentasse
780 1663 897 1734 domos,
913 1659 1075 1739 animoque
1090 1657 1252 1718 rotundum

627 1763 816 1826 Percurrisse
831 1761 946 1840 poium,
961 1758 1114 1820 morituro.
1209 1765 1212 1771 '

507 1867 629 1928 Occidit
643 1875 674 1926 et
689 1864 812 1942 Pelopis
825 1863 955 1948 genitor,
969 1859 1099 1922 conviva
1112 1859 1248 1931 deorum,

626 1968 839 2043 Tithonusque
854 1973 989 2025 remotus
1003 1960 1035 2020 in
1050 1978 1148 2034 auras,

509 2167 547 2224 Et
560 2165 646 2243 Jovis
661 2165 780 2224 arcanis
795 2163 900 2222 Minos
915 2162 1075 2232 admissus,
1090 2159 1265 2234 habentque

628 2261 757 2320 Tartara
772 2258 964 2318 Panthoiden
980 2258 1087 2316 iterum
1103 2255 1185 2315 Orco

509 2360 685 2420 Demissum
696 2381 705 2433 ς
726 2357 874 2433 quamvis,
889 2356 999 2434 clypeo
1012 2354 1148 2431 Trojana
1161 2353 1255 2412 refixo

628 2459 783 2534 Tempora
797 2463 936 2525 testatus,
951 2451 1025 2512 nihil
1039 2451 1119 2512 ultra

510 2678 629 2737 Nervus
644 2686 735 2752 atque
750 2683 851 2735 cutem
867 2671 961 2734 Morti
976 2682 1170 2734 concesserat
1183 2681 1265 2746 atrae,

629 2775 739 2852 Judice
753 2783 784 2834 te
798 2793 861 2833 non
876 2772 1018 2833 sordidus
1032 2781 1138 2832 auctor

511 2877 636 2935 Naturae
650 2874 783 2951 verique.
827 2872 890 2932 Sed
903 2890 1012 2932 omnes
1025 2890 1088 2930 una
1101 2881 1205 2932 manet
1219 2890 1287 2946 nox,

631 2974 671 3034 Et
684 2971 836 3036 calcanda
849 2971 945 3032 semel
959 2971 1009 3030 via
1023 2970 1084 3030 leti.

512 3172 596 3231 Dant
611 3171 687 3232 aiios
702 3170 801 3230 Furiae
815 3179 902 3229 torvo
916 3167 1093 3246 spectacula
1107 3167 1199 3228 Marti
1211 3189 1221 3242 ;

634 3268 735 3330 Exitio
748 3277 795 3329 est
809 3267 933 3330 avidum
948 3283 1032 3330 mare
1047 3265 1168 3340 nautis;
