3440 5056
587 693 693 767 Book
709 690 921 764 rra-oda
936 635 1100 767 man
1286 715 1357 786 339

488 873 547 933 Vel
562 889 619 930 nos
632 870 664 929 in
680 867 875 945 Capitolium,

529 971 600 1045 Quo
614 970 729 1030 clamor
742 974 834 1025 vocat
847 975 879 1024 et
892 966 982 1025 turba
995 965 1171 1042 faventium,

489 1069 547 1130 Vel
562 1088 619 1129 nos
633 1069 665 1127 in
679 1084 762 1126 mare
775 1063 948 1140 proximum

529 1169 675 1229 Gemmas
689 1174 720 1226 et
734 1162 862 1242 lapides,
875 1182 979 1223 aurum
995 1173 1026 1224 et
1039 1163 1154 1238 inutile,

490 1368 606 1430 Summi
618 1365 774 1428 materiem
788 1365 870 1440 mali,

529 1471 698 1541 Mittamus,
709 1466 859 1526 scelerum
874 1465 900 1526 si
914 1466 995 1526 bene
1009 1465 1167 1545 poenitet*

490 1567 654 1627 Eradenda
667 1565 819 1644 cupidinis

531 1668 619 1728 Pravi
633 1677 705 1729 sunt
718 1667 879 1740 elementa,
891 1675 923 1726 et
937 1675 1049 1726 tenerae
1064 1664 1154 1726 nimis

491 1874 614 1933 Mentes
629 1872 834 1952 asperioribus

531 1973 712 2032 Formandae
726 1973 843 2032 studiis.
887 1972 996 2033 Nescit
1010 1989 1089 2049 equo
1103 1971 1186 2031 rudis

491 2073 617 2130 Haerere
631 2072 780 2150 ingenuus
794 2089 878 2148 puer,
988 2121 991 2128 .

530 2171 703 2246 Venerique
719 2171 803 2229 timet
816 2192 826 2244 3
845 2170 950 2230 ludere
965 2169 1092 2244 doctior,

493 2371 551 2428 Seu
567 2373 675 2430 Graeco
685 2370 794 2449 jubeas
808 2370 935 2440 trocho†

533 2470 593 2528 Seu
607 2469 695 2528 malis
709 2468 802 2528 vetita
817 2467 936 2546 legibus
951 2469 1035 2528 alea:

493 2568 570 2627 Cum
585 2568 705 2646 perjura
719 2567 814 2644 patris
828 2567 906 2628 fides

534 2668 715 2728 Consortem
729 2667 845 2728 socium
860 2666 947 2728 fallat
961 2678 992 2728 et
1006 2668 1165 2746 hospitem,

493 2869 686 2947 indignoque
700 2869 861 2947 pecuniam

534 2971 651 3029 Heredi
665 2981 815 3047 properet.
862 2972 986 3033 Scilicet
1001 2972 1146 3051 improbae

494 3069 644 3129 Crescunt
657 3069 768 3130 divitiae
779 3071 806 3144 3ss
826 3079 931 3131 tamen

535 3169 636 3228 Curtae
651 3168 755 3228 nescio
764 3168 844 3244 ‚quid
859 3187 980 3247 semper
995 3171 1081 3230 abest
1095 3177 1148 3231 ret.

335 3389 549 3449 “immoderate’'
569 3393 638 3439 “out
660 3389 690 3439 of
707 3390 741 3438 all
764 3393 940 3454 proportion”
980 3392 1114 3443 Macieane
1135 3395 1227 3462 rightly
1245 3397 1365 3450 observes

334 3467 389 3515 that
400 3469 414 3492 “
423 3465 555 3528 improbus
564 3465 610 3515 ”is
627 3481 676 3515 one
693 3466 722 3514 oi
735 3466 778 3514 the
794 3475 862 3516 most
879 3467 985 3518 difficult
1002 3469 1086 3518 words
1103 3477 1130 3519 to
1145 3472 1226 3522 which
1239 3481 1264 3523 to
1279 3476 1364 3539 assign

335 3542 367 3591 its
375 3555 469 3605 proper
477 3541 602 3605 meaning.
636 3541 661 3590 1t
668 3540 768 3604 impiies
779 3555 877 3604 excess,
887 3544 938 3594 und
946 3545 1002 3594 that
1012 3559 1101 3595 excess
1111 3555 1179 3596 must
1187 3546 1218 3598 be
1229 3551 1365 3614 expressed

335 3613 470 3678 according
481 3621 508 3665 to
518 3615 562 3664 the
573 3612 672 3681 subject
682 3613 824 3694 described
