3404 4964
567 663 672 737 Book
687 664 852 766 L-Ocr'c
872 663 959 740 VII.

354 845 453 906 Albus
467 852 501 903 ut
514 842 645 902 obscuro
659 840 797 918 deterget
810 838 915 899 nubila
928 841 1005 902 caelo

436 944 523 1019 Saepe
538 942 647 1013 Notus,
658 956 757 1016 neque
771 939 898 1016 parturit
911 939 1025 1002 imbres

354 1143 514 1220 Perpetuo,
524 1139 568 1199 sic
582 1147 616 1198 tu
630 1137 753 1215 sapiens
767 1135 854 1197 linire
868 1147 1024 1198 memento

432 1239 601 1300 Tristitiam
614 1235 879 1314 vitaequelabores
1100 1305 1103 1312 ,

243 1328 247 1336 ⁸
353 1339 450 1413 Molli,
463 1338 587 1412 Plance,
597 1353 691 1410 mero,
701 1353 760 1418 seu¹
770 1345 800 1396 te
813 1335 961 1416 fulgentia
974 1335 1070 1416 signis

433 1439 542 1501 Castra
556 1445 670 1510 tenent,
679 1454 734 1497 seu
747 1435 845 1496 densa
858 1435 975 1497 tenebit

351 1637 474 1699 Tiburis
487 1637 595 1698 umbra
610 1636 662 1698 tui.
704 1636 824 1696 Teucer
839 1635 995 1696 Salamina
1008 1644 1187 1715 patremque

316 1795 319 1803 .
434 1738 513 1799 Cum
527 1737 652 1816 lugeret,
663 1745 766 1796 tamen
780 1735 842 1796 uda
856 1736 948 1815 Lyaeo

353 1837 506 1916 Tempora
519 1835 671 1915 populea*
685 1837 778 1897 fertur
792 1835 925 1898 vinxisse
939 1854 1062 1913 corona,

433 1937 484 1998 Sic
497 1937 599 1998 tristes
613 1936 721 1999 aliatus
736 1937 867 1999 amicos:

352 2137 423 2211 Quo
437 2155 494 2198 nos
508 2156 628 2214 cunque
643 2138 718 2198 feret
731 2139 838 2198 melior
852 2140 986 2200 Fortuna
1000 2149 1135 2218 parente,

434 2235 559 2307 ibimus,
571 2255 590 2295 ο
604 2237 679 2296 socii
691 2237 886 2313 comitesque.

353 2333 405 2392 Nil
420 2333 645 2409 desperandum
661 2334 780 2394 Teucro
790 2333 869 2394 d'uce
883 2345 915 2395 et
928 2335 1053 2414 auspice
1066 2338 1206 2414 Teucro;

345 2429 348 2435 “
434 2432 543 2492 Certus
554 2431 636 2490 enirn
650 2431 788 2508 promisit
801 2433 923 2510 Apollo,

353 2628 537 2708 Ambiguam
551 2630 658 2690 tellure
673 2649 753 2691 nova
767 2630 921 2692 Salamina
935 2631 1095 2703 suturam.†

433 2729 462 2789 Ο
476 2729 577 2804 sortes,
586 2731 751 2810 pejoraque
764 2731 846 2808 passi

353 2829 478 2889 Mecum
492 2847 573 2906 saepe
586 2829 651 2904 viri,
660 2849 742 2890 nunc
756 2831 827 2892 vino
840 2831 944 2909 pellite
959 2850 1048 2894 curas

434 2927 511 2989 Cras
525 2927 634 3009 ingens
647 2929 822 2992 iterabimus
834 2947 945 3008 aequor.
