3440 5056
668 671 672 680 '
704 704 810 778 Book
826 705 1039 779 [rr-ota
1057 707 1098 782 V.

832 1083 939 1143 Canu.
954 1083 993 1142 V.

595 1283 681 1345 Caelo
695 1290 855 1343 tonantem
868 1280 1053 1342 credidimus
1066 1285 1174 1361 Jovem
1191 1328 1193 1334 -

595 1369 739 1460 Regnare
753 1402 760 1440 :
779 1399 915 1458 praesens
928 1379 1036 1443 divus*
1049 1383 1212 1447 habebitur

635 1484 801 1561 Augustus,
811 1481 940 1560 adjectis
951 1482 1106 1546 Britannis

677 1581 811 1661 Imperio
824 1581 1029 1662 gravibusque
1045 1586 1175 1657 Persis.†

597 1889 730 1952 Milesne
745 1890 851 1953 Crassi
864 1893 994 1973 conjuge
1007 1893 1138 1955 barbara

596 1988 709 2067 Turpis
723 1991 848 2053 maritus
861 1993 957 2054 vixit?
978 2003 1008 2055 et
1022 1995 1195 2055 hostium-

638 2090 699 2148 Pro
714 2091 808 2151 Curia
820 2092 993 2170 inversique
1007 2113 1107 2155 mores
1117 2098 1123 2154 1
1132 2095 1190 2160 1-

678 2189 850 2250 Consenuit
864 2209 1038 2251 socerorum
1052 2193 1083 2251 in
1098 2193 1198 2266 armis,

600 2483 664 2545 Sub
678 2501 750 2562 rege
764 2483 869 2558 Medo,
882 2486 1005 2546 Marsus
1019 2495 1050 2546 et
1064 2486 1192 2565 Apulus,

599 2583 789 2645 Anciliorum
803 2593 835 2645 et
848 2584 980 2645 nominis
994 2595 1025 2645 et
1038 2595 1118 2664 togae

639 2684 772 2759 Oblitus,
783 2694 965 2763 aetemaeque
979 2685 1108 2760 Vestae,§

680 2785 830 2845 Incolumi
844 2787 921 2862 Jove
936 2795 966 2846 et
979 2784 1054 2846 urbe
1069 2787 1169 2847 Roma
1179 2787 1203 2859 ?l

601 3090 674 3149 Hoc
689 3097 811 3147 caverat
826 3104 913 3153 mens
927 3085 1056 3163 provida
1070 3087 1180 3166 Reguli

601 3185 818 3248 Dissentientis
833 3185 1061 3245 conditionibus

642 3289 668 3346 F
669 3285 757 3358 oedis,
767 3293 798 3346 et
811 3285 951 3361 exemplo
965 3284 1113 3344 trahentis

682 3384 852 3447 Pcmiciem
866 3385 993 3446 veniens
1008 3383 1039 3445 in
1053 3403 1159 3460 aevum,

603 3687 636 3746 Si
650 3705 711 3748 non
725 3687 837 3766 periret
850 3687 1073 3748 immiserabilis

603 3789 735 3866 Captiva
747 3790 854 3868 pubes.
898 3789 1022 3868 “Signa
1035 3805 1093 3868 ego
1108 3787 1230 3848 Punicis

643 3890 757 3950 Adfixa
770 3889 904 3950 delubris
918 3899 949 3949 et
963 3909 1048 3950 arma

684 3989 836 4057 Militibus
850 3989 916 4051 sine
931 3987 1144 4083 caedess’ldixit,

445 4217 455 4278 ΙΙ
468 4218 615 4268 “Incolumi
640 4219 730 4283 Jove.”
772 4217 874 4270 “Salvo
897 4217 1051 4284 Capitolio,”
1074 4215 1247 4278 Sobel-via,
1264 4216 1308 4268 the
1330 4216 1432 4282 Capitol

405 4290 431 4342 in
441 4291 523 4343 which
534 4292 610 4342 stood
621 4292 664 4342 the
676 4293 771 4356 temple
783 4293 813 4343 ol
820 4292 965 4356 Capitoline
975 4293 1048 4356 Jove.
