3386 5000
594 637 701 710 Book
717 637 930 709 IIL-Ode
944 640 1000 709 II.

532 815 646 886 Virtus,
655 811 785 889 repulsae
801 813 905 871 nescia
920 814 1078 889 sordidast

533 909 726 973 Intaminatis
740 910 836 987 fulget
849 911 1013 971 honoribus
1024 935 1034 987 3

573 1013 604 1070 N
605 1029 640 1070 ec
655 1009 747 1070 sumit
762 1018 814 1068 aut
827 1009 914 1086 ponit
928 1028 1049 1071 secures

612 1109 748 1170 Arbitrio
761 1108 916 1187 popularis
931 1128 1019 1170 aurae.

531 1309 645 1382 Virtus,
655 1308 817 1368 recludens
832 1308 988 1369 immeritis
1002 1312 1081 1371 mori

532 1409 659 1484 Caelum,
668 1419 780 1488 negata
793 1418 892 1470 tentat
905 1409 962 1469 iter
975 1410 1033 1484 via,

572 1510 740 1587 Coetusque
754 1509 894 1589 volgares
908 1519 939 1570 et
952 1510 1044 1570 udam

613 1610 735 1689 Spernit
748 1611 873 1671 humum
888 1609 1021 1690 fugiente
1035 1629 1145 1690 penna.

532 1817 588 1877 Est
601 1826 632 1876 et
645 1816 729 1877 fideli
744 1827 808 1877 tuta
822 1816 944 1877 silentio

532 1918 672 1977 Merces:
693 1917 813 1990 vetabo,
823 1916 875 1994 qui
891 1917 1010 1979 Cereris
1025 1936 1144 1980 sacrum

570 2018 709 2095 Volgarit
723 2037 851 2094 arcanae,
861 2019 918 2078 sub
933 2020 1029 2080 isdem

613 2118 660 2177 Sit
674 2119 809 2177 trabibus
824 2117 997 2196 fragilemve
1012 2137 1131 2178 mecum
1151 2176 1155 2184 ,

532 2315 637 2375 Solvat
650 2317 820 2393 phaselon,-
840 2335 922 2392 saepe
937 2316 1091 2393 Diespiter

531 2417 698 2494 Neglectus
714 2418 832 2476 incesto
847 2416 965 2476 addidit
979 2417 1144 2496 integrum:

571 2517 655 2576 Raro
670 2517 901 2577 antecedentem
916 2517 1077 2576 scelestum

612 2618 755 2678 Deseruit
768 2619 848 2696 pede
863 2619 960 2677 Poena
974 2618 1091 2678 claudo.

328 2845 372 2894 the
389 2845 485 2896 honore
497 2846 579 2896 which
590 2846 680 2896 Virtue
696 2846 772 2897 seeks
789 2845 866 2910 being
877 2844 998 2909 acquired
1009 2844 1042 2911 by
1053 2847 1149 2896 herself
1156 2846 1237 2906 alone,
1250 2862 1296 2897 can
1313 2857 1359 2898 not

268 2974 271 2980 ,
328 2921 362 2988 by
373 2922 460 2972 others
476 2923 508 2972 be
525 2923 624 2972 stained
641 2939 670 2972 or
686 2923 797 2973 touched
815 2921 997 2984 (intaminatis).
1032 2921 1123 2972 Cicero
1140 2923 1185 2972 has
1201 2925 1297 2989 exaetly
1314 2925 1357 2973 the

327 3011 398 3048 same
414 2999 551 3049 sentiment
562 2999 625 3062 (Pro
639 2999 731 3057 Sestio,
739 2997 778 3057 28,
786 2999 835 3058 60),
844 2997 894 3046 and
906 2997 1008 3048 Horace
1025 2999 1118 3048 almost
1127 2998 1234 3064 literally
1244 2999 1358 3048 versilies

327 3073 372 3122 the
389 3089 506 3138 passage,
519 3075 632 3124 “Virtus
649 3077 717 3124 lucet
736 3075 763 3123 in
779 3074 1092 3138 tenebris-splendetque
1109 3089 1154 3136 per
1172 3088 1229 3123 sese
1248 3089 1356 3138 semper,

327 3163 412 3213 neque
431 3149 522 3200 alienis
542 3165 655 3214 unquam
673 3149 792 3199 sordibus
811 3147 1056 3198 obsolescit.”-See
1074 3147 1176 3198 Orelli’s
1197 3155 1265 3209 note,
1278 3149 1356 3204 voli.

327 3239 354 3287 P·
363 3235 419 3289 345·
