3412 5114
623 661 728 735 Book
744 660 774 731 I
778 660 866 732 V.-
874 663 951 732 Oa'e
966 661 1041 734 IV.

478 841 626 900 Doctrina
639 839 694 899 sed
708 838 769 899 vim
784 845 945 912 promovet
960 834 1093 910 insitam,

477 939 626 1016 Rectique
641 939 741 998 cultus
754 921 882 1012 pectora'
896 933 1062 1010 roborant;

516 1039 682 1114 Utcunque
697 1034 838 1094 defecere
852 1049 963 1104 mores,

556 1134 742 1196 Indecorant
755 1131 836 1192 bene
850 1139 923 1190 nata
938 1129 1046 1208 culpae.

476 1390 559 1465 Quid
573 1388 697 1461 debeas,
706 1386 735 1446 Ο
751 1387 862 1459 Roma,
873 1386 1058 1462 Neronibus,

475 1488 578 1548 Testis
592 1489 766 1548 Metaurum
781 1485 905 1558 flumen,
918 1494 949 1544 et
965 1485 1145 1546 Hasdrubal

517 1589 672 1663 Devictus,
684 1596 715 1648 et
727 1586 856 1665 pulcher
868 1583 983 1662 sugatis

556 1689 613 1750 Ille
627 1689 694 1750 dies
709 1687 798 1749 Latio
812 1684 956 1760 tenebris,

475 1941 537 2016 Qui
551 1941 666 2020 primus
680 1941 761 2001 alma
775 1940 841 2000 risit
856 1939 980 2013 adorea,

476 2041 568 2102 Dims
582 2060 638 2120 per
650 2041 741 2101 urbes
756 2040 831 2100 Aser
844 2051 878 2100 ut
893 2039 1000 2112 Italas,

516 2141 582 2200 Ceu
596 2139 719 2200 flamma
732 2159 787 2217 per
800 2140 905 2211 taedas,
916 2139 966 2199 vel
982 2139 1081 2198 Eurus

557 2240 615 2298 Per
630 2238 748 2298 Siculas
763 2237 910 2313 equitavit
924 2237 1033 2296 undas.

476 2484 550 2541 Post
563 2482 623 2542 hoc
637 2481 780 2542 secundis
794 2498 892 2556 usque
907 2479 1064 2540 laboribus

476 2582 618 2640 Romana
630 2580 728 2659 pubes
741 2580 843 2653 crevit,
854 2589 885 2640 et
898 2578 994 2658 impio

514 2682 644 2760 Vastata
658 2683 822 2750 Poenorum
838 2681 969 2740 tumultu

556 2783 642 2842 Fana
655 2781 731 2842 deos
744 2780 880 2841 habuere
894 2789 1011 2843 rectos:

382 3091 385 3097 ,
476 3028 620 3104 Dixitque
635 3027 759 3087 tandem
773 3027 910 3105 perfidus
926 3029 1105 3089 Hannibal:

475 3130 492 3157 “
502 3127 600 3200 Cervi,
612 3125 750 3202 lupomm
765 3127 871 3202 praeda
883 3128 1051 3203 rapacium,

516 3226 674 3285 Sectamur
685 3223 774 3296 ultro,
785 3243 862 3300 quos
876 3225 999 3301 opimus
1018 3259 1026 3272 ι

555 3324 674 3384 Fallere
688 3332 719 3384 et
733 3323 865 3402 effugere
881 3333 928 3384 est
943 3325 1122 3401 triumphus.

474 3572 568 3645 Gens,
578 3589 645 3648 quae
659 3581 793 3631 cremato
808 3569 894 3632 sortis
909 3570 949 3631 ab
965 3570 1025 3630 Ilio

473 3673 596 3748 Jactata
607 3671 718 3732 Tuscis
731 3671 905 3748 aequoribus
920 3689 1017 3744 sacra,

514 3773 672 3849 Natosque
686 3783 881 3849 maturosque
895 3781 999 3850 patres

554 3871 682 3933 Pertulit
697 3870 851 3932 Ausonias
866 3872 905 3931 ad
920 3871 1022 3945 urbes,
1087 3945 1093 3960 ¹

476 4117 568 4178 Duris
582 4126 616 4177 ut
629 4116 690 4177 ilex
704 4125 793 4177 tonsa
806 4115 993 4194 bipennibus

475 4219 577 4296 Nigrae
592 4216 684 4278 feraci
698 4215 813 4276 frondis
827 4216 859 4275 in
874 4215 999 4293 Algido,
