3496 4954
541 574 648 649 Book
663 573 829 647 L-Ode
844 571 978 646 XXX
986 575 1027 649 V.

484 755 536 817 Ad
551 770 637 812 arma
651 758 818 821 cessantes,
831 748 870 808 ad
886 768 971 809 arma

527 850 679 923 Concitet,
689 846 910 924 imperiumque
924 847 1051 929 frangat.

446 1053 493 1112 Te
507 1067 630 1126 semper
644 1047 740 1108 anteit
753 1065 835 1107 saeva
850 1047 1037 1122 Necessitas,

447 1153 561 1214 Ciavos
575 1147 709 1208 trabales
723 1156 755 1206 et
768 1162 883 1206 cuneos
897 1165 991 1208 manu

486 1251 622 1310 Gestans
636 1253 735 1321 aona,
756 1263 813 1306 nec
828 1263 952 1308 severus
976 1269 979 1275 ·

527 1349 637 1408 Uncus
652 1346 749 1421 abest,
762 1346 971 1424 liquidumque
986 1347 1172 1427 plumbum*

447 1551 493 1611 Te
509 1551 587 1628 Spes
601 1558 633 1609 et
647 1548 718 1609 albo
733 1566 801 1608 rara
816 1547 908 1609 Fides
923 1547 997 1609 colit

446 1653 558 1714 Velata
571 1669 684 1728 panno,
696 1668 754 1710 nec
769 1649 912 1710 comitem
928 1650 1068 1728 abnegat,

488 1754 655 1830 Utcunque
669 1761 788 1812 mutata
800 1760 942 1830 potentes

526 1855 622 1918 Veste
637 1854 746 1914 domos
760 1851 884 1913 inimica
898 1851 1018 1932 linquis.

449 2053 492 2110 At
505 2051 613 2128 volgus
628 2051 757 2110 infidum
772 2061 803 2112 et
816 2051 959 2111 meretrix
973 2061 1056 2112 retro
1147 2117 1151 2124 ,

405 2179 413 2189 ·
449 2145 575 2226 Ρεήιπα
588 2150 690 2222 cedit3
711 2148 872 2226 diffugiunt
887 2149 974 2209 cadis

489 2247 568 2307 Cum
583 2245 658 2305 saece
670 2245 793 2305 siccatis
807 2245 906 2318 amici,

532 2345 624 2403 Ferre
636 2343 743 2422 jugum
758 2342 871 2419 pariter
885 2344 994 2406 dolosi.

450 2546 558 2605 Serves
572 2543 683 2603 iturum
698 2543 852 2604 Caesarem
869 2542 900 2602 in
914 2542 1037 2606 ultimos

449 2643 541 2705 Orbis
555 2642 727 2715 Britannos,
739 2651 770 2702 et
781 2643 928 2721 juvenum
942 2661 1050 2704 recens

489 2743 628 2802 Examen
642 2741 716 2802 Eois
730 2741 900 2801 timendum

533 2839 684 2914 Partibus,
694 2840 883 2918 Oceanoque
898 2842 996 2904 rubro.

451 3040 558 3098 Eheu!
580 3038 756 3098 cicatricum
771 3049 802 3100 et
816 3039 941 3102 sceleris
954 3042 1051 3118 pudet

449 3139 658 3213 Fratrumque.
701 3137 785 3211 Quid
800 3157 857 3198 nos
872 3140 949 3199 dura
961 3140 1125 3219 refugimus

491 3238 604 3296 AEtas?
624 3234 698 3312 quid
713 3235 862 3296 intactum
877 3238 986 3300 nefasti

530 3333 709 3411 Liquimus?
730 3335 813 3395 unde
828 3355 953 3398 manum
964 3338 1109 3418 juventus

450 3536 538 3622 Metu
553 3535 680 3594 deorum
694 3535 864 3598 continuit?
885 3538 995 3616 quibus

451 3634 593 3712 Pepercit
607 3636 690 3696 aris?
731 3638 891 3699 Outinam
906 3660 986 3702 noua

492 3735 610 3795 Incude
625 3736 766 3814 diffingas
780 3747 914 3799 retusum
930 3740 961 3799 in

530 3835 723 3915 Massagetas
739 3836 919 3917 Arabasque
933 3840 1061 3902 fenum!

776 3935 812 4013 ⁷*

1231 603 1298 678 153
