3440 5056
654 607 762 681 Book
779 605 991 678 [IL-Ode
1001 608 1081 682 III.

548 789 619 862 Jam
637 803 695 844 nec
712 785 853 842 Lacaenae
868 781 1010 858 splendet
1024 783 1168 846 adulterae

551 885 701 943 Famosus
715 882 837 958 hospes,
850 897 907 939 nec
923 879 1037 938 Priami
1050 880 1159 940 domus
1180 935 1185 944 .

591 981 717 1060 Perjura
730 995 888 1058 pugnaces
903 977 1040 1036 Achivos

632 1077 797 1140 Hectoreis
811 1077 923 1155 opibus
939 1075 1095 1154 refringit3

551 1267 734 1344 Nostrisque
748 1267 873 1326 ductum
889 1264 1091 1326 seditionibus

551 1369 670 1428 Bellum
683 1365 806 1428 resedit.
850 1365 992 1426 Protinus
1007 1375 1037 1426 et
1050 1383 1158 1444 graves

591 1470 668 1542 Iras,
679 1476 710 1526 et
724 1465 855 1526 invisum
870 1474 1023 1542 nepotem,

631 1567 744 1627 Troica
758 1585 849 1644 quem
864 1563 982 1643 peperit
999 1565 1151 1639 sacerdos,

552 1757 647 1817 Marti
661 1755 858 1832 redonabo,d
879 1755 964 1815 illum
979 1773 1036 1834 ego
1051 1754 1168 1816 lucidas

552 1858 635 1917 Inire
650 1858 750 1931 sedes,
762 1857 874 1917 ducere
890 1856 1021 1917 nectaris

593 1956 738 2029 Succos,†
754 1965 785 2016 et
799 1956 932 2016 adscribi
947 1956 1057 2033 quietis

633 2057 802 2116 Ordinibus
816 2057 915 2134 patiar
928 2057 1062 2117 deorum.

552 2243 635 2300 Dum
650 2243 759 2318 longus
773 2242 852 2301 inter
866 2240 972 2301 saeviat
985 2243 1065 2302 Ilion

553 2341 746 2415 Romamque
761 2348 883 2416 pontus,
895 2340 1031 2414 qualibet
1045 2342 1165 2420 exsules

594 2441 632 2497 In
647 2447 733 2515 parte
749 2448 897 2514 regnanto
911 2437 1014 2513 beati,

635 2539 718 2598 Dum
734 2535 848 2596 Priami
863 2535 1041 2614 Paridisque
1056 2537 1146 2599 busto

555 2727 688 2787 insultet
702 2735 881 2800 armentum,
894 2735 925 2785 et
938 2727 1056 2787 catulos
1070 2726 1140 2787 serae

555 2826 666 2886 Celent
680 2827 792 2899 inultae,
804 2835 865 2886 stet
879 2825 1063 2902 Capitolium

595 2925 739 3003 Fulgens,
751 2924 1004 3001 triumphatisque
1017 2925 1115 3001 possit

636 3025 738 3083 Roma
753 3023 836 3081 ferox
851 3022 925 3080 dare
936 3023 1005 3100 jura
1021 3023 1131 3082 Medis.

556 3207 721 3267 Horrenda
735 3208 796 3265 late
811 3224 924 3266 nomen
940 3207 971 3265 in
985 3207 1107 3266 ultimas

555 3307 709 3366 Extendat
722 3324 801 3378 oras,
813 3324 874 3381 qua
888 3304 1007 3365 medius
1021 3306 1119 3382 liquor

596 3404 735 3466 Secemit
750 3406 893 3480 Europen
908 3405 948 3464 ab
963 3404 1046 3478 Afro,

635 3504 708 3578 Qua
721 3502 857 3564 tumidus
870 3503 949 3580 rigat
963 3522 1035 3563 arva
1050 3504 1155 3563 Nilus:

556 3694 673 3752 Aurum
688 3691 877 3768 irrepertum,
889 3700 921 3750 et
934 3691 979 3750 sic
993 3691 1101 3751 melius
1116 3690 1204 3751 situm

555 3792 635 3851 Cum
650 3801 729 3850 terra
744 3790 833 3864 celat,
845 3807 989 3868 spernere
1003 3791 1107 3850 fortior

360 4020 511 4069 -Onuuun
555 4017 659 4068 Several
678 4017 756 4068 MSS.
776 4017 842 4067 have
864 4018 1010 4076 “discere'‘
1029 4018 1111 4068 which
1130 4018 1235 4083 reading
1252 4019 1274 4068 is
1292 4020 1395 4088 savored

360 4096 394 4160 by
411 4094 598 4157 Dillenburger.
634 4093 714 4152 Orelli
732 4093 784 4142 and
803 4095 936 4143 Macleane
957 4093 1040 4157 prefer
1060 4098 1074 4120 ‘⁴
1082 4094 1199 4154 ducere,”
1218 4095 1347 4155 “which”
1367 4113 1395 4147 as

361 4170 403 4219 the
415 4170 489 4218 latter
500 4169 629 4226 observes,
643 4169 688 4217 “is
701 4169 725 4218 in
738 4183 799 4234 very
811 4184 929 4218 common
942 4184 986 4218 use
999 4169 1024 4220 in
1037 4170 1079 4219 the
1091 4185 1166 4221 sense
1178 4171 1356 4236 ol‘quaffing.’
1364 4173 1379 4198 ’'
