3412 5114
527 696 632 770 Book
651 695 865 772 Ile-Ode
883 697 1070 774 XXVII.

460 879 478 908 ‘⁴
487 876 580 937 Unde
594 896 655 955 quo
668 877 738 937 veni
748 875 779 938 t*
820 877 913 939 Levis
926 897 988 938 una
1000 896 1083 938 mors
1097 885 1144 937 est

479 977 638 1057 Virginum
650 955 757 1056 culpae.
799 978 981 1057 Vigilansne
994 977 1082 1056 ploro

478 1078 580 1156 Turpe
595 1077 800 1152 commissum,
817 1098 856 1138 an
871 1077 951 1138 vitiis
965 1085 1119 1138 carentem

598 1176 692 1236 Ludit
705 1175 807 1254 imago

476 1401 576 1471 Vana,
591 1379 659 1474 quae
674 1405 763 1473 porta
777 1395 897 1474 fugiens
911 1398 1028 1457 eburna

479 1495 637 1558 Somnium
651 1494 756 1574 ducit?
797 1494 952 1555 Meliusne
965 1497 1075 1556 fluctus
1114 1576 1117 1581 ‚

478 1597 527 1656 Ire
540 1614 595 1674 per
608 1595 718 1674 longos
732 1594 796 1669 suit,
812 1613 852 1654 an
865 1601 1003 1656 recentes

599 1697 733 1774 Carpere
747 1693 861 1756 flores?
953 1711 957 1718 ·

478 1918 511 1979 Si
526 1917 593 1995 quis
607 1917 751 1977 infamem
767 1915 841 1975 mihi
857 1933 938 1976 nunc
947 1914 1111 1994 juvencum

478 2018 581 2076 Dedat
594 2016 686 2091 iratae,
701 2017 835 2076 lacerare
847 2015 926 2075 ferro
937 2025 968 2074 et

478 2117 628 2194 Frangere
643 2117 740 2176 enitar
754 2115 848 2175 modo
861 2113 988 2174 multum
1004 2113 1095 2172 amati

597 2215 721 2274 Cornua
738 2212 874 2272 monstri.

477 2429 645 2508 Impudens
659 2427 732 2505 liqui
747 2429 862 2505 patrios
877 2429 1010 2489 Penates
1022 2451 1031 2504 ;

477 2529 644 2607 Impudens
657 2519 776 2616 Orcum
787 2546 897 2588 moror.
940 2527 969 2587 Ο
984 2529 1109 2588 deorum

478 2629 511 2690 Si
525 2628 591 2707 quis
605 2630 671 2689 haec
688 2628 785 2702 audis,
799 2627 915 2688 utinam
930 2627 1009 2689 iuter
1023 2646 1118 2688 errem

597 2728 690 2788 Nuda
703 2728 809 2788 leones
821 2732 827 2788 Ι

478 2943 651 3018 Antequam
669 2940 765 3018 turpis
779 2940 894 3001 macies
908 2940 1054 3002 decentes

477 3040 615 3117 Occupet
627 3040 734 3113 malas,
748 3050 923 3117 teneraeque
937 3059 1047 3101 succus

478 3139 600 3199 Defluat
614 3140 734 3216 praedae,
749 3141 890 3217 speciosa
905 3159 1008 3218 quaero

600 3239 729 3298 Pascere
743 3238 845 3317 tigres.

478 3451 573 3512 ‘Vilis
590 3452 730 3530 Europe,’
741 3463 830 3532 pater
843 3465 931 3534 urget
944 3455 1075 3516 absens:

477 3551 578 3624 ‘Quid
592 3551 668 3612 mori
683 3556 807 3615 cessas?
849 3556 942 3615 Potes
956 3556 1014 3615 hac
1029 3555 1068 3615 ab
1083 3543 1158 3614 orno

478 3651 646 3712 Pendulum
658 3673 737 3713 zona
750 3655 830 3714 bene
845 3663 875 3714 te
889 3665 995 3715 secuta

597 3755 723 3815 Laedere
740 3755 862 3815 collum.

477 3968 547 4029 Sive
559 3977 588 4029 te
602 3987 693 4047 rupes
707 3977 739 4030 et
753 3980 843 4032 acuta
857 3969 918 4032 leto

477 4069 559 4128 Saxa
572 4069 734 4142 delectant,
750 4089 806 4148 age
819 4080 848 4130 te
862 4071 1003 4149 procellae

477 4169 577 4230 Crede
590 4171 697 4245 veloci,
712 4171 771 4232 nisi
785 4172 879 4232 herile
894 4171 990 4233 mavis

597 4271 729 4347 Carpere
744 4290 883 4348 pensum,

1237 723 1302 795 35Ῑ
