3412 5114
557 664 662 738 Book
679 663 804 737 lll.—
812 663 890 737 Ode
905 665 1069 745 XXIX.

501 845 683 922 Plerumque
696 853 788 924 gratae
804 843 948 907 divitibus
962 847 1054 921 vices,

501 947 687 1025 Mundaeque
699 965 794 1028 parvo
808 946 866 1007 sub
880 947 942 1008 lare
956 965 1123 1026 pauperum

541 1049 655 1123 Coenae,
666 1049 733 1108 sine
747 1047 851 1108 aulaeis
866 1057 896 1107 et
910 1057 1002 1122 ostro,

582 1141 935 1224 Sollicitam'explicuere
949 1147 1088 1238 frontem.

501 1395 570 1468 Jam
586 1391 686 1450 clarus
700 1391 854 1450 occultum
869 1392 1076 1453 Andromedae
1091 1405 1177 1471 pater

502 1488 645 1549 Ostendit
660 1489 781 1564 ignem
798 1488 862 1564 jam
878 1489 1016 1565 Procyon
1032 1491 1111 1565 furit,

512 1583 530 1596 ”
543 1590 583 1648 Et
596 1587 686 1647 stella
699 1586 804 1646 vesani
819 1585 961 1658 Leonis*

584 1687 654 1750 Sole
669 1687 735 1746 dies
749 1683 897 1746 referente
913 1685 1030 1746 siccos:

503 1944 571 2017 Jarn
586 1950 690 2019 pastor
703 1940 825 1999 umbras
840 1956 908 1998 curn
922 1954 1014 2015 grege
1029 1935 1173 2015 languido

505 2040 677 2117 Rivumque
692 2041 788 2100 fessus
803 2038 961 2116 quaeritet
975 2035 1088 2096 horridi

546 2127 679 2200 Du'meta
694 2139 828 2212 Silvani3
849 2148 992 2214 caretque

586 2238 668 2316 Ripa
681 2239 767 2316 vagis
781 2237 930 2297 taciturna
944 2235 1052 2296 ventis.

506 2486 554 2544 Tu
568 2485 719 2545 civitatem
735 2484 803 2560 quis
817 2483 925 2543 deceat
939 2492 1036 2543 status
1146 2562 1149 2570 Ι

509 2586 614 2657 Cures,
627 2595 657 2644 et
672 2583 749 2643 Urbi
764 2583 911 2643 sollicitus
925 2583 1023 2656 times,

549 2684 631 2758 Quid
647 2685 736 2744 Seres
750 2692 780 2743 et
794 2691 920 2761 regnata
936 2683 1016 2761 Cyro

589 2786 697 2844 Bactra
711 2792 819 2861 parent
832 2783 1007 2860 Tanaisque
1022 2783 1147 2844 discors.

512 3038 650 3097 Prudens
663 3036 753 3096 futuri
768 3035 913 3112 temporis
928 3035 1041 3095 exitum
1126 3081 1131 3094 .

512 3136 687 3214 caliginosa
700 3144 789 3194 nocte
804 3133 914 3210 premit
927 3135 1013 3206 deus,
1026 3161 1033 3178 ·

552 3221 713 3309 Ridetqie,
723 3233 749 3292 si
763 3233 899 3291 mortalis
913 3233 992 3292 ultra

593 3333 654 3392 Fas
668 3331 806 3409 trepidat.
850 3331 943 3404 Quod
958 3331 1045 3391 adest
1059 3341 1212 3392 memento

515 3587 705 3662 Componere
719 3602 823 3661 aequus
834 3607 843 3660 3
864 3593 966 3644 cetera
979 3583 1113 3644 fluminis

516 3685 590 3744 Ritu
603 3684 745 3757 feruntur,
755 3702 836 3744 nunc
850 3684 952 3744 medio
968 3683 1073 3754 alveo†

557 3785 634 3845 Cum
648 3803 725 3862 pace
739 3785 909 3845 delabentis
926 3787 1085 3845 Etruscum

596 3885 634 3942 In
649 3903 740 3958 mare,
752 3884 966 3974 nunc'lapides
982 3885 1092 3946 adesos

519 4137 693 4214 Stirpesque
707 4145 818 4214 raptas,
830 4147 861 4197 et
874 4154 969 4214 pecus
983 4143 1014 4196 et
1027 4134 1136 4196 domos

518 4237 677 4298 Volventis
691 4256 760 4310 una,
770 4256 831 4297 non
846 4237 911 4298 sine
926 4236 1072 4296 montium

1258 687 1329 760 359
