3386 5000
582 595 688 672 Book
703 595 892 672 lL-Ode
908 596 1029 671 XJJl.

699 1044 807 1104 Canu.
830 1042 925 1100 XIII.

453 1232 511 1292 Ille
525 1242 556 1294 et
571 1233 690 1294 nefasto
704 1241 734 1292 te
748 1230 851 1309 posuit
864 1229 924 1303 die,

451 1331 634 1410 Quicunque
647 1330 786 1409 primum,
798 1341 829 1391 et
843 1329 991 1407 sacrilega
1006 1343 1097 1385 manu

493 1431 649 1504 Produxit,
661 1431 760 1504 arboS,
772 1431 802 1489 in
818 1438 964 1507 nepotum

533 1529 707 1605 Perniciem¹
717 1528 974 1607 opprobriumque
988 1522 1079 1603 pagi3

454 1738 545 1798 Illum
559 1749 590 1799 et
604 1737 739 1816 parentis
752 1736 940 1798 crediderim·
948 1734 995 1796 sui

454 1837 594 1915 Fregisse
608 1837 766 1909 cervicem,
777 1846 809 1896 et
822 1833 993 1912 penetralia

496 1935 651 2011 Sparsisse
669 1944 817 1994 nocturno
830 1951 937 1992 cruore

535 2034 697 2111 Hospitis;
717 2033 768 2093 ille
782 2049 902 2092 venena
917 2031 1035 2092 Colcha

456 2241 496 2298 Et
510 2238 657 2315 quidquid
671 2255 799 2314 usquam
814 2235 984 2313 concipitur
997 2235 1083 2296 nefas

454 2337 619 2410 Tractavit,
631 2353 704 2415 agro
719 2335 770 2412 qui
785 2334 891 2394 statuit
905 2353 975 2394 meo

494 2437 541 2496 Te
556 2435 641 2496 triste
656 2435 780 2512 lignum,
796 2442 826 2494 te
841 2432 991 2493 caducum

535 2537 573 2595 In
588 2532 704 2595 domini
718 2542 811 2612 caput
825 2517 1021 2593 immerentis.

455 2747 539 2822 Quid
554 2747 683 2826 quisque
697 2745 778 2819 vitet,
791 2764 947 2824 nunquam
964 2745 1079 2805 homini
1094 2746 1167 2807 satis

455 2849 586 2908 Cautum
599 2858 647 2907 est
660 2847 690 2906 in
705 2847 816 2906 horas:
836 2845 939 2906 navita
954 2847 1121 2922 Bosporum

495 2949 611 3007 Poenus
624 2945 835 3023 perhorrescit,
848 2963 947 3022 neque
961 2944 1041 3004 ultra

536 3047 628 3106 Caeca
642 3045 728 3105 timet
742 3044 865 3105 aliunde
879 3044 964 3120 iata;

458 3251 552 3313 Miles
565 3252 694 3331 sagittas
708 3263 740 3314 et
753 3255 882 3315 celerem
898 3253 999 3334 sugam

459 3352 571 3428 Parthi,
583 3363 708 3416 catenas
724 3357 853 3416 Parthus
868 3365 898 3415 et
913 3353 1024 3414 Italum

388 3509 391 3516 Δ
498 3451 644 3529 Robur?
666 3456 722 3516 sed
736 3455 899 3532 improvisa
914 3453 967 3514 leti

538 3551 597 3613 Vis
610 3553 711 3631 rapuit
724 3554 882 3631 rapietque
898 3561 1014 3632 gentes.

336 3780 351 3811 *
369 3778 488 3828 “Italum
501 3777 606 3829 robur.”
640 3778 720 3830 Orelli
736 3779 808 3844 gives
818 3779 863 3830 the
878 3777 972 3843 weight
983 3775 1013 3826 ol
1023 3776 1062 3827 his
1076 3776 1203 3843 authority
1218 3777 1245 3827 in
1261 3776 1332 3827 lavor

295 3853 326 3904 ol'
337 3853 506 3920 interpreting
523 3859 538 3882 ¹‘
548 3855 649 3906 robur”
662 3869 691 3906 as
707 3855 751 3904 the
769 3856 869 3904 Romen
883 3855 972 3918 prison
984 3853 1243 3916 (⁸‘Tullianum”),an
1259 3853 1332 3903 inner

295 3931 344 3980 cell
354 3930 382 3980 in
397 3930 483 3980 which
499 3930 660 3982 malefactore
676 3945 743 3980 were
759 3931 858 3994 placed,
866 3931 916 3982 and
927 3931 954 3981 in
967 3930 1050 3980 which
1061 3929 1105 3979 the
1123 3929 1194 3979 State
1210 3928 1330 3994 captives,

295 4021 325 4056 as
334 4005 470 4072 Jugurtha,
477 4021 543 4057 were
555 4008 610 4058 also
621 4006 768 4058 sometimes
780 4007 911 4059 immured.
946 4008 1037 4072 Yonge
1053 4005 1144 4070 adopts
1158 4005 1201 4055 the
1212 4019 1281 4055 same
1294 4005 1331 4054 in·

295 4081 469 4147 terpretation.
493 4083 675 4149 Dillenburger
683 4084 817 4134 translates
826 4083 846 4134 it
856 4083 882 4134 in
892 4085 934 4135 the
945 4085 1036 4148 simple
1044 4097 1118 4134 sense
1129 4082 1159 4131 oi
1167 4083 1209 4133 the
1217 4081 1332 4146 strength

297 4165 326 4208 ot
336 4173 423 4222 power
435 4157 465 4208 oi
473 4158 545 4224 Italy,
554 4159 638 4210 which
650 4159 784 4210 Macleane
795 4160 850 4210 also
861 4159 952 4211 iavors.
1207 4154 1210 4161 ’
