3386 5000
572 559 678 635 book
694 559 885 634 rr-oo
898 562 955 634 rr.
1214 575 1281 663 167

679 936 786 995 Canu,
809 935 853 994 II.

453 1147 459 1158 ·
494 1115 603 1177 Nullus
619 1123 744 1194 argento
759 1114 844 1175 color
858 1123 906 1176 est
920 1115 1020 1179 avaris

494 1217 609 1276 Abdito
624 1214 718 1287 terris,
731 1213 853 1274 inimice
868 1215 979 1296 lampae

495 1316 603 1394 Crispe
620 1314 752 1388 Sallusti,
763 1314 822 1375 nisi
838 1323 1008 1394 temperato

617 1413 785 1492 Splendeat
799 1434 864 1476 usu.

494 1618 586 1678 Vivet
600 1627 724 1678 extento
740 1617 938 1680 Proculeius*
951 1637 1027 1694 aevo,

496 1721 597 1780 Notus
611 1717 643 1780 in
658 1718 767 1779 fratres
782 1719 876 1780 animi
890 1719 1030 1797 patemi3

497 1819 588 1880 Illum
603 1828 674 1900 aget
687 1837 790 1896 penna
803 1829 959 1880 metuente
974 1819 1051 1880 solvi

619 1921 715 1978 Fama
729 1929 893 1996 superstes.

499 2115 604 2175 Latius
618 2132 727 2190 regnes
742 2113 865 2172 avidum
879 2115 1037 2174 domando

500 2211 652 2289 Spiritum,
662 2229 754 2286 quam
770 2211 795 2270 si
811 2211 940 2288 Libyam
955 2214 1080 2274 remotis

404 2293 408 2301 ¹
500 2310 639 2372 Gadibus
650 2310 771 2387 jungaS,
784 2318 815 2368 et
829 2319 957 2387 uterque
972 2311 1106 2380 Poenus†

623 2407 740 2469 Serviat
754 2407 816 2467 uni.

501 2612 619 2674 Crescit
633 2611 795 2690 indulgens
810 2610 869 2672 sibi
884 2611 968 2672 dirus
982 2611 1125 2691 hydrops,

502 2715 532 2771 N
534 2731 569 2773 ec
583 2712 664 2772 sitim
679 2712 775 2788 pellit,
788 2711 847 2771 nisi
862 2730 957 2772 causa
971 2712 1069 2771 morbi

503 2812 626 2891 Fugerit
638 2811 733 2884 venis,
746 2819 776 2870 et
791 2830 927 2888 aquosus
943 2810 1015 2870 albo

624 2913 760 2987 Corpore
774 2911 913 2988 languor.
1013 2892 1017 2900 ¹

264 3139 375 3188 whether
392 3135 482 3198 Caepio
493 3150 545 3184 was
561 3133 658 3183 related
670 3141 697 3181 to
714 3133 775 3182 him.
811 3133 959 3182 Proculeius
971 3147 1023 3182 was
1041 3147 1133 3196 among
1144 3133 1187 3182 the
1200 3133 1298 3197 Roman

264 3213 366 3276 knights
377 3227 410 3260 on
422 3210 505 3259 whom
517 3212 649 3274 Augustus
661 3208 770 3270 thought
782 3207 812 3256 ol
818 3207 960 3270 bestowing
970 3207 1039 3270 Julia
1049 3207 1075 3256 in
1087 3207 1216 3271 marriage.

304 3289 317 3344 l
335 3287 446 3337 “Either
463 3283 751 3350 Carthage”-vir.,the
764 3281 869 3332 African
881 3281 1010 3346 Carthage
1027 3281 1079 3331 and
1090 3281 1134 3331 her
1151 3281 1261 3332 colonies
1273 3281 1299 3332 in

267 3363 352 3428 Spain
