3404 4964
686 659 791 734 Book
807 657 973 734 L—Ode
987 657 1020 730 I.

497 841 678 903 Luctantem
694 841 801 904 Icariis
815 840 957 902 fluctibus
971 834 1108 898 Africum

496 942 653 1003 Mercator
669 955 819 1018 metuens,
828 941 924 1004 otium
938 947 969 1000 et
982 935 1087 1015 oppidi

495 1041 618 1104 Laudat
630 1063 701 1105 rura
714 1043 761 1106 sui
772 1066 782 1120 ,·
802 1061 874 1104 mox
887 1038 984 1102 reficit
997 1046 1078 1098 rates

495 1141 643 1218 Quassas,
654 1144 797 1207 indocilis
811 1141 987 1223 pauperiem
1001 1133 1094 1218 pati*

494 1242 551 1302 Eat
564 1243 616 1321 qui
631 1262 689 1306 nec
702 1244 813 1306 veteris
827 1240 937 1322 pocula
952 1237 1086 1312 Massici,

494 1343 563 1403 Nec
576 1354 696 1423 partem
710 1345 810 1407 solido
825 1342 947 1404 demere
961 1339 1001 1398 de
1015 1337 1064 1398 dle

495 1442 626 1520 Spernit,
638 1462 720 1506 nunc
733 1443 823 1506 viridi
837 1441 975 1503 membra
988 1437 1045 1500 sub
1059 1435 1166 1496 arbuto

494 1542 622 1618 StratuS,
634 1562 716 1605 nunc
730 1534 770 1604 ad
786 1561 873 1621 aquae
886 1542 956 1600 lene
970 1544 1062 1616 caput
1075 1553 1178 1597 sacrae.

492 1641 611 1702 Multos
624 1652 726 1705 castra
737 1645 853 1724 juvant,
865 1650 896 1702 et
909 1640 984 1700 lituo
999 1637 1079 1698 tubae

493 1741 664 1804 Permixtus
679 1743 805 1818 sonitus,
816 1741 959 1816 bellaque
973 1736 1118 1797 matribus

493 1839 662 1902 Detestata
706 1845 817 1904 Manet
830 1842 888 1903 sub
902 1841 978 1918 Jove
992 1836 1099 1916 frigido

492 1939 639 2016 Venator,
650 1951 764 2004 tenerae
779 1940 917 2022 conjugis
931 1939 1096 2011 immemor,

493 2039 556 2100 Seu
568 2040 635 2102 visa
648 2050 696 2102 est
710 2042 820 2104 catulis
835 2058 925 2102 cerva
938 2038 1090 2112 fidelibus,

493 2137 555 2198 Seu
569 2141 650 2218 rupit
664 2151 776 2202 teretes
791 2142 914 2202 Marsus
932 2155 1005 2216 aper
1018 2138 1134 2216 plagas.

492 2237 548 2296 Me
561 2237 719 2300 doctarum
734 2238 856 2300 hederae
873 2236 997 2315 praemla
1011 2234 1152 2295 frontium
1261 2287 1264 2295 ,

493 2334 551 2395 Dis
565 2337 696 2399 miscent
710 2319 849 2415 superis;
869 2352 918 2394 me
931 2333 1065 2412 gelidum
1080 2349 1187 2391 nemus

492 2433 764 2514 Nympharumque
778 2436 862 2496 leves
876 2451 943 2493 cum
960 2430 1074 2511 Satyris
1087 2427 1171 2489 chori

493 2531 661 2595 Secemunt
675 2535 799 2614 populo,
811 2534 837 2594 si
852 2549 951 2608 neque
965 2530 1056 2591 tibias

492 2631 626 2709 Euterpe
641 2634 772 2708 cohibet,
785 2650 843 2694 nec
858 2629 1055 2709 Polyhymnia

492 2729 647 2791 Lesboum
661 2732 772 2811 refugit
786 2730 911 2792 tendere
926 2728 1075 2790 barbiton.

491 2827 585 2902 Quod
599 2829 625 2888 si
640 2848 689 2890 me
703 2830 803 2910 lyricis
817 2828 937 2890 vatibus
952 2827 1076 2902 inseres,

493 2926 621 2987 Sublimi
635 2929 740 2988 leriam
755 2929 857 2989 sidera
870 2927 991 2988 vertice.

331 3151 373 3198 the
384 3164 454 3200 same
470 3149 503 3199 be
520 3150 577 3200 said
588 3151 619 3200 ol
630 3153 646 3178 “
654 3153 799 3214 Pauperum
815 3152 934 3201 tabernas
943 3151 959 3174 ’⁹
970 3150 996 3200 in
1007 3148 1241 3200 contradistinction
1252 3156 1279 3198 to
1291 3152 1307 3177 “
1315 3151 1365 3200 Re·

330 3240 391 3290 gum
412 3226 530 3275 turresY’
575 3227 631 3277 Lib.
650 3227 671 3276 I.
690 3227 740 3276 Od.
756 3226 788 3276 iv.
809 3239 846 3290 13,
866 3240 903 3288 14.
948 3225 1005 3276 Τὴο
1020 3223 1105 3274 words
1122 3227 1138 3251 ‘¹
1146 3221 1268 3286 pauper,”
1279 3227 1295 3252 ¹¹
1303 3239 1364 3288 pau·

330 3301 436 3363 peries?
448 3303 463 3328 ‘⁴
472 3303 634 3365 paupertas,’'
645 3303 718 3362 have,
730 3300 831 3362 indeed,
843 3316 915 3352 some
927 3301 957 3351 ol
963 3301 1007 3351 the
1023 3299 1111 3349 clastic
1124 3312 1199 3348 sense
1211 3299 1240 3348 ot
1247 3314 1295 3349 our
1306 3314 1364 3350 orm

331 3377 398 3426 Poor
414 3377 485 3437 Man,
497 3391 527 3426 or
545 3379 662 3443 Poverty,
673 3376 757 3426 which
773 3391 832 3442 may
848 3376 927 3444 imply
943 3377 1002 3442 only
1018 3375 1215 3440 comparatively
1231 3375 1364 3427 restricted

330 3466 425 3513 means,
439 3467 469 3501 or
487 3454 636 3503 sometimes
655 3451 772 3502 absolute
791 3459 867 3502 want.
911 3453 967 3502 The
987 3451 1094 3516 English
1114 3451 1239 3515 language
1258 3449 1305 3501 has
1322 3467 1364 3502 ex·

330 3527 459 3589 pressione
475 3527 599 3592 denoting
614 3529 659 3578 the
674 3527 821 3592 gradatione
833 3526 863 3575 ol
874 3526 969 3576 stinted
986 3527 1180 3577 circuuutances
1197 3527 1363 3588 correspond-

330 3609 373 3651 ent
383 3609 411 3652 to
421 3604 495 3654 those
506 3604 533 3653 in
543 3605 587 3654 the
599 3603 683 3653 Latin.
715 3602 773 3651 The
785 3601 893 3664 English
903 3602 949 3652 has
960 3611 1072 3668 poverty,
1082 3617 1185 3666 penmy,
1198 3601 1363 3654 destitutione

330 3677 374 3726 the
391 3677 473 3737 Latin,
485 3685 631 3742 paupertas,
643 3677 738 3739 inopia,
750 3683 859 3740 egestas.
894 3677 929 3727 So
945 3679 1001 3727 also
1017 3679 1060 3726 the
1072 3678 1158 3727 Greek
1174 3677 1299 3740 language
1316 3679 1363 3729 has

226 3817 231 3825 Β
330 3751 408 3814 πενία,
423 3753 564 3804 honorable
583 3759 708 3819 poverty5
729 3742 850 3813 πτωχεία,Ι
865 3751 1042 3803 discredltable
1057 3759 1181 3820 poverty;
1200 3749 1288 3812 hictu,
1306 3753 1362 3804 des·

330 3829 438 3882 titution.
