3386 5000
639 621 744 695 Book
760 619 948 692 Ile-Ode
965 619 1040 690 XI.
1283 641 1349 692 201

749 878 855 936 Canu.
878 877 935 934 XI.

527 1010 610 1086 Quid
624 1006 789 1068 bellicosus
804 1003 959 1064 Cantaber
972 1014 1003 1063 et
1019 1004 1155 1082 Scythes,

529 1110 660 1185 Hirpine
676 1104 791 1182 Quinti,
807 1103 920 1181 cogitet
935 1103 1056 1162 Hadria

568 1209 692 1268 Divisus
705 1205 836 1284 object0,
851 1204 988 1262 remittas

609 1309 770 1382 Quaerere:
792 1323 850 1364 nec
867 1303 1000 1381 trepides
1015 1303 1046 1362 in
1061 1321 1147 1364 usum
1251 1341 1254 1346 -

530 1436 688 1498 Poscentis
701 1435 758 1496 aevi
772 1453 880 1514 pauca.
923 1433 1013 1512 Fugit
1024 1443 1104 1494 retro

531 1535 639 1599 Levis*
652 1539 808 1614 Juventas,
825 1545 856 1595 et
871 1535 995 1610 Decor;
1015 1533 1102 1594 arida

571 1638 708 1698 Pellente
723 1637 854 1696 lascivos
869 1637 1000 1695 Amores

610 1738 730 1800 Canitie
744 1737 926 1813 facilemque
945 1737 1100 1796 Somnum.

532 1873 602 1931 Non
617 1888 738 1947 semper
750 1864 972 1930 idem'floribus
987 1877 1033 1928 est
1046 1867 1143 1927 honor

531 1971 641 2030 Vernis
654 1992 663 2044 ;
683 1987 783 2047 neque
796 1987 858 2028 uno
873 1969 962 2028 Luna
973 1967 1085 2027 rubens
1100 1966 1176 2026 nitet

571 2059 780 2137 voltuaesquid
795 2059 917 2120 aeternis
931 2059 1078 2119 minorem

611 2125 755 2220 &onsiliis
770 2159 903 2217 animum
918 2157 1050 2234 fatigas?

532 2289 593 2348 Cur
604 2305 666 2346 non
681 2285 814 2346 subalta
827 2285 876 2344 vel
891 2285 1016 2362 platano
1030 2283 1078 2342 vel
1093 2283 1151 2344 hac

533 2385 757 2464 Pinujacentes
772 2384 816 2442 sic
830 2393 955 2455 temere,
970 2391 1000 2442 et
1014 2399 1085 2442 rosa

572 2485 675 2545 Canos
689 2482 807 2544 odorati
821 2482 959 2560 capillos,

598 2585 696 2643 ¹Dum
709 2583 790 2657 licet,
802 2582 989 2660 Assyriaque
1003 2580 1100 2640 nardo

534 2716 679 2774 Potamus
693 2712 800 2773 uncti?
842 2711 980 2789 Dissipat
995 2710 1088 2772 Evius

534 2816 631 2874 Coras
645 2813 766 2874 edaces.
809 2812 887 2886 Quis
898 2830 974 2890 puer
987 2813 1073 2873 ocius

575 2914 757 2992 Restinguet
771 2913 907 2973 ardentis
921 2911 1043 2972 Falerni

615 3012 731 3072 Pocula
744 3021 946 3089 praetereunte
960 3012 1105 3089 lympha?

534 3140 746 3214 Quis‘devium
760 3150 894 3200 scortum
909 3140 1010 3201 eliciet
1024 3141 1115 3202 domo

535 3240 641 3316 Lyden
653 3239 682 3309 ?†
699 3239 831 3312 liburna,
847 3239 898 3298 die
913 3258 979 3317 age,
994 3259 1063 3300 eum
1079 3241 1142 3318 lyra

576 3339 717 3412 Maturet,
733 3337 765 3396 in
780 3347 936 3414 comptum
948 3339 1087 3400 Lacaenae

615 3439 703 3497 More
718 3457 823 3498 comas
838 3438 966 3516 religata
980 3438 1104 3499 nodum.

335 3629 388 3752 Od*
400 3623 501 3751 '‘lezyis
510 3625 526 3649 ’‘
536 3624 596 3674 here
608 3639 696 3675 means
709 3628 724 3652 “
733 3624 891 3688 beare'e'ess,”
902 3640 931 3675 as
943 3624 969 3674 in
982 3629 997 3654 ‘¹
1007 3624 1083 3676 Ievis
1094 3624 1218 3692 Agyieu‚'’
1230 3627 1304 3678 Book
1315 3629 1362 3678 IV.

377 3717 391 3751 e
402 3717 435 3753 ve

376 3776 392 3840 †
613 3777 702 3842 “Quis
713 3778 816 3829 devium
827 3787 940 3829 scortum
951 3778 1034 3830 eliciet
1045 3779 1123 3830 domo

638 3855 727 3920 Lyden
735 3855 761 3904 ?’'

335 3952 359 4002 lt
370 3952 436 4004 need
452 3953 562 4019 scarcely
572 3951 605 4003 be
621 3951 677 4003 said
687 3952 731 4003 the
741 3952 811 4002 word
824 3955 839 3980 “
847 3960 961 4003 scortum
970 3954 984 3978 ”
993 3953 1016 4004 is
1023 3959 1068 4002 not
1076 3951 1140 4002 used
1147 3951 1207 4003 here
1215 3950 1242 4002 in
1253 3951 1285 4002 its
1297 3961 1365 4004 most

334 4028 576 4094 uncomplimentary
587 4043 668 4079 sense,
702 4031 717 4056 ‘¹
727 4029 839 4078 Devium
848 4029 897 4065 ’'-
905 4031 920 4056 “
929 4043 978 4078 one
989 4029 1047 4078 who
1058 4028 1122 4078 lives
1133 4037 1177 4079 out
1188 4029 1219 4078 ol'
1229 4028 1273 4079 the
1284 4030 1364 4096 way,”

334 4119 362 4154 as
380 4104 457 4166 ovid,
470 4105 586 4164 Heroiu,
603 4105 629 4155 ii.
648 4103 702 4165 118,
714 4104 774 4153 “Et
792 4104 883 4155 cecinit
902 4112 1021 4156 maestum
1040 4103 1115 4155 devia
1133 4119 1234 4155 carmen
1252 4105 1366 4156 avis.”-

334 4180 449 4242 Onnum,
460 4180 624 4232 Mnemon.

832 4265 869 4337 9*
