3440 5056
622 623 728 698 Book
744 624 956 699 lla-Ode
971 630 1016 702 X
1025 631 1088 707 Vl.

512 803 587 862 Late
601 800 801 878 conspicuum
817 802 924 862 tollere
937 805 1092 882 verticem,

591 902 757 974 Maecenas,
768 899 906 977 equitum
920 901 1045 965 decus*

510 1103 635 1178 Quanto
649 1103 779 1181 quisque
793 1103 852 1164 sibi
866 1102 955 1181 plura
968 1110 1132 1186 negaverit,
1217 1167 1225 1178 ,

510 1203 560 1264 Ab
574 1203 622 1265 dis
635 1203 724 1280 plura
737 1203 821 1264 feret
865 1204 918 1264 Nil
933 1200 1135 1285 cupientium

509 1303 618 1364 Nudus
632 1311 733 1363 castra
746 1313 829 1381 peto,
839 1313 869 1364 et
884 1305 1040 1386 transfuga
1054 1308 1191 1371 divitum

588 1405 695 1464 Partes
709 1402 846 1481 linquere
860 1405 969 1484 gestio,

507 1605 699 1684 Contemptae
713 1606 855 1668 dominus
869 1608 1058 1686 splendidior
1071 1617 1125 1686 rei,

505 1705 606 1780 Quam
621 1707 656 1782 si,
665 1708 814 1787 quidquid
828 1718 895 1770 arat
908 1709 1037 1788 impiger
1050 1713 1177 1790 Apulus,

506 1807 669 1870 Occultare
683 1811 761 1871 meis
775 1811 893 1872 dicerer
907 1811 1034 1887 horreis,

585 1911 718 1990 Magnas
732 1911 811 1973 inter
824 1931 900 1991 opes
914 1913 1013 1992 inops.

504 2108 591 2170 Purae
605 2110 686 2170 rivus
702 2130 797 2189 aquae,
810 2112 947 2190 silvaque
959 2116 1098 2194 jugerum

503 2205 682 2282 Paucorum,
693 2219 724 2267 et
737 2210 849 2286 segetis
863 2221 947 2271 certa
961 2213 1038 2273 fides
1052 2233 1137 2288 meae,

503 2304 682 2382 Fulgentem
696 2306 824 2383 imperio
838 2298 944 2371 fertilis
959 2311 1071 2371 Africae

583 2403 674 2463 Fallit
687 2415 768 2464 sorte
782 2404 909 2466 beatior.

501 2605 696 2682 Quamquam
712 2624 769 2667 nec
785 2607 925 2670 Calabrae
940 2611 1033 2672 mella
1046 2610 1145 2674 seruiit
1159 2633 1240 2694 apes,

501 2705 568 2764 Nec
581 2705 789 2783 Laestrygonia
803 2707 943 2770 Bacchus
957 2709 988 2770 in
1003 2713 1148 2790 amphora

500 2805 683 2883 Languescit
697 2806 779 2880 mihi,
791 2825 849 2867 nec
863 2809 989 2889 pinguia
1016 2813 1142 2874 Gallicis

580 2905 730 2965 Crescunt
744 2906 858 2968 vellera
871 2877 1004 2985 pascuis}

499 3104 678 3179 Importuna
693 3114 795 3164 tamen
811 3087 977 3184 Pauperies
993 3113 1100 3188 abcst;

499 3202 575 3275 Nec,
585 3201 610 3261 si
624 3203 712 3280 plura
725 3204 826 3279 velim,
837 3214 871 3266 tu
885 3208 958 3268 dare
973 3211 1115 3290 deneges.

498 3300 664 3360 Contracto
678 3303 787 3364 melius
801 3324 896 3381 parva
909 3309 1053 3387 cupidine

576 3401 749 3478 Vectigalia
762 3404 925 3484 porrigam,

496 3600 597 3675 Quam
612 3603 639 3664 si
654 3605 832 3684 Mygdoniis
846 3627 972 3687 regnum
987 3613 1120 3692 Alyattei

496 3701 623 3780 Campis
637 3704 822 3766 continuem.
867 3709 967 3770 Multa
980 3714 1154 3789 petentibus

496 3803 616 3863 Desunt
630 3805 744 3865 multa:
766 3807 845 3868 bene
860 3819 915 3885 est,
927 3811 976 3872 eui
991 3814 1077 3874 Deus
1090 3815 1198 3876 obtulit

576 3904 682 3977 Parca,
694 3906 776 3981 quod
792 3908 866 3968 satis
881 3921 937 3984 est,
949 3929 1049 3972 manu.

1309 661 1379 735 315
