3496 4954
689 687 795 761 Book
810 686 975 759 L-Ode
989 687 1036 759 X
1044 688 1084 761 V.
1355 721 1378 788 9
1382 721 1402 790 3

372 895 409 955 of
418 893 520 974 youth,
528 892 583 951 but
599 888 623 947 it
640 888 666 946 is
683 885 801 946 seldom
818 882 884 941 that
899 882 950 941 the
964 891 1073 961 poetry
1087 883 1123 944 of
1133 887 1227 963 youth
1240 887 1267 949 is
1283 894 1405 974 equally

372 1006 451 1055 terse
466 989 526 1051 and
541 983 725 1048 condensed.

791 1296 897 1357 Cultu.
914 1296 982 1355 XV.

533 1493 642 1555 Pastor
655 1511 723 1553 cum
738 1490 870 1552 traheret
884 1508 939 1567 per
953 1490 1030 1550 freta
1045 1489 1174 1552 navibus

533 1594 625 1655 Idaeis
640 1593 783 1652 Helenen
797 1589 932 1668 perfidus
946 1590 1109 1668 hospitam,

533 1696 657 1773 Ingrato
670 1694 786 1753 celeres
799 1691 901 1751 obruit
915 1690 978 1750 otio

611 1795 738 1868 Ventos,
750 1801 783 1852 ut
796 1802 920 1853 caneret
934 1791 999 1851 fera

533 1989 651 2048 Nereus
666 1987 748 2047 fata:
769 1984 856 2045 Mala
870 1984 958 2045 ducis
972 1985 1022 2045 avi
1037 1983 1170 2060 domum,

533 2087 633 2161 Quam
648 2087 744 2147 multo
758 2095 876 2163 repetet
890 2085 1011 2145 Graecia
1024 2083 1128 2158 milite,

532 2186 698 2264 Conjurata
712 2195 780 2243 tuas
793 2201 933 2258 rumpere
948 2182 1069 2258 nuptias

613 2284 653 2341 Et
666 2298 790 2358 regnum
805 2279 918 2338 Priami
932 2288 1027 2338 vetus.

535 2473 615 2544 Heu,
623 2471 703 2529 heu!
726 2477 858 2546 quantus
872 2467 968 2545 equis,
982 2477 1113 2544 quantus
1129 2469 1217 2530 adest
1229 2470 1301 2532 viris

534 2571 652 2631 Sudor!
673 2578 787 2648 quanta
801 2587 907 2628 moves
921 2568 1028 2628 funera
1043 2569 1196 2630 Dardanae

532 2670 641 2730 Gentil
662 2671 731 2746 Jam
744 2668 865 2747 galeam
880 2667 983 2728 Pallas
997 2677 1028 2727 et
1041 2667 1141 2747 aegida

614 2772 787 2847 Currusque
801 2778 833 2829 et
846 2769 962 2828 rabiem
975 2778 1073 2846 parat.

501 2963 504 2969 '
534 2959 754 3035 Nequicquam‚
765 2957 896 3017 Veneris
910 2956 1052 3034 praesidio
1066 2958 1158 3032 ferox,

534 3059 642 3117 Pectes
656 3056 819 3129 caesariem,
830 3066 977 3134 grataque
991 3055 1112 3134 feminis

535 3157 655 3216 Imbelli
668 3157 785 3216 cithara
798 3155 934 3214 carmina
949 3155 1067 3215 divides
1079 3153 1107 3229 j*

615 3259 644 3316 N
646 3256 826 3332 equiequam
841 3255 997 3325 thalam0†
1011 3273 1120 3334 graves

534 3449 651 3507 Hastas
665 3455 696 3506 et
710 3445 818 3506 calami
833 3446 950 3523 spicula
964 3445 1072 3506 Cnosii

532 3550 662 3623 Vitabis,
674 3549 891 3628 strepitumque
906 3560 937 3610 et
951 3551 1082 3610 celerem
1097 3552 1182 3629 sequi

533 3650 660 3729 Ajacem
673 3672 683 3726 ;
702 3660 804 3710 tamen
819 3650 879 3709 heu
894 3667 980 3710 serus
995 3650 1149 3710 adulteros

615 3748 723 3810 Crines
736 3749 860 3826 pulvere
874 3749 1010 3810 collines

535 3941 607 4000 Non
621 3940 814 4013 Laertiaden,
826 3940 951 4001 exitium
966 3949 1025 4001 tuae

533 4039 635 4114 Genti,
647 4059 709 4101 non
723 4039 841 4120 Pylium
856 4043 990 4101 Nestora
1003 4038 1150 4117 respicis?

535 4139 654 4218 Urgent
668 4139 811 4218 impavidi
826 4148 856 4200 te
872 4139 1056 4201 Salaminius

614 4238 733 4300 Teucer
746 4247 778 4300 et
792 4239 953 4300 Sthenelus
968 4239 1068 4300 sciens
