3398 4950
703 685 833 783 Epora
853 683 941 755 νη.
1268 689 1340 782 485

306 867 405 928 dition
421 867 458 929 os
477 871 635 948 Augustus
652 866 774 948 against
798 867 911 928 Sextus
936 863 1111 942 Pompeius,
1125 867 1222 928 which
1243 868 1270 930 is
1290 877 1344 929 not

305 985 378 1045 very
390 966 539 1045 probable
546 991 556 1044 ς
577 970 689 1041 others,
701 966 802 1043 again,
814 964 975 1043 including
995 964 1125 1039 Franke,
1136 974 1168 1027 to
1185 967 1235 1028 the
1251 969 1344 1030 much

306 1066 383 1128 later
396 1069 468 1130 date
482 1069 519 1130 os
536 1086 602 1145 722,
614 1071 666 1130 the
681 1068 740 1127 last
753 1083 816 1124 war
832 1064 978 1124 between
991 1067 1149 1144 Augustus
1169 1067 1231 1127 and
1251 1070 1342 1130 Marlr

306 1170 439 1248 Antony.
483 1169 585 1230 Ritter
600 1161 753 1228 cont'ends
770 1164 837 1225 that
851 1163 875 1225 it
888 1165 1002 1227 relates
1018 1175 1051 1227 to
1072 1167 1124 1228 the
1143 1187 1204 1228 war
1224 1169 1343 1248 against

306 1267 415 1330 Brutus
430 1269 492 1329 and
507 1268 641 1330 Cassius.

721 1487 830 1548 Canni.
848 1488 925 1549 VII.

467 1631 548 1707 Quo,
559 1650 621 1710 quo
635 1628 759 1692 scelesti
772 1627 878 1689 ruitis?
899 1639 953 1688 aut
966 1645 1021 1689 cur
1034 1627 1167 1690 dexteris
1236 1645 1242 1656 ·

508 1733 662 1809 Aptantur
676 1748 767 1792 enses
781 1728 921 1794 conditi?

468 1833 618 1893 Parumne
633 1831 751 1909 campis
766 1840 859 1909 atque
874 1832 1022 1909 Neptuno
1036 1848 1127 1908 super

508 1934 622 1994 Fusum
640 1942 688 1994 est
701 1931 804 1992 Latini
818 1929 986 2010 sanguinis,

467 2033 548 2107 Non,
560 2041 594 2093 ut
608 2032 757 2111 superbas
772 2031 884 2092 invidae
899 2029 1095 2108 Carthaginis

507 2133 667 2194 Romanus
682 2149 769 2192 arces
782 2139 883 2191 ureret
890 2152 901 2206 3

468 2232 607 2292 Intactus
621 2240 674 2292 aut
688 2231 853 2291 Britannus
867 2239 901 2290 ut
915 2228 1118 2292 descenderet

505 2330 602 2388 Sacra
615 2337 778 2388 catenatus
790 2327 861 2400 Via,

469 2427 530 2488 Sed
545 2436 587 2501 ut,
599 2425 768 2488 secundum
782 2434 856 2486 vota
871 2425 1062 2500 Parthomm,
1073 2443 1129 2486 sua

508 2527 593 2587 Urbs
607 2527 674 2587 haec
687 2525 800 2605 periret
814 2524 962 2586 dextera?

469 2628 578 2704 Neque
591 2626 642 2687 hic
656 2625 737 2704 lupis
750 2643 827 2700 mos,
839 2642 898 2686 nec
912 2625 969 2686 suit
982 2623 1122 2686 leonibus

508 2727 664 2804 Unquam,
675 2725 736 2786 nisi
750 2725 783 2784 in
797 2725 911 2803 dispar,
923 2725 1004 2786 seris

469 2829 604 2889 Furome
618 2845 727 2902 caecus,
740 2845 781 2887 an
794 2827 875 2905 rapit
888 2827 935 2888 vis
950 2825 1086 2888 acriori*

509 2928 560 2986 An
574 2927 686 3005 culpa?
727 2928 926 3005 Responsum
942 2927 1032 2988 datei

468 3027 588 3087 Tacent
594 3049 604 3102 3
625 3035 656 3087 et
669 3025 757 3086 albus
771 3045 826 3086 ora
838 3027 940 3104 pallor
952 3027 1056 3101 inficit,

509 3126 694 3202 Mentesque
710 3125 860 3202 perculsae
878 3135 1011 3204 stupent

470 3223 520 3284 Sic
535 3234 597 3284 est:
618 3225 730 3284 acerba
743 3222 808 3284 fata
822 3225 983 3285 Romanos
1000 3235 1102 3303 agunt,

509 3322 676 3400 Scelusque
689 3322 830 3384 iraternae
846 3323 941 3398 necis,

469 3421 532 3493 Ut†
546 3421 733 3483 immerentis
746 3421 834 3483 fluxit
848 3422 881 3481 in
894 3431 1006 3484 terram
1024 3422 1113 3482 Remi

510 3522 603 3583 Sacer
615 3521 781 3604 nepotibus
795 3539 893 3583 cruor.

610 3835 722 3896 Eronn
734 3831 1041 3895 vili—Ourrrnn.
