<?xml version="1.0" encoding="UTF-8"?>
<!DOCTYPE html PUBLIC "-//W3C//DTD XHTML 1.0 Transitional//EN"
    "http://www.w3.org/TR/xhtml1/DTD/xhtml1-transitional.dtd">
<html xmlns="http://www.w3.org/1999/xhtml" xml:lang="en" lang="en">
 <head>
  <title>
</title>
<meta http-equiv="Content-Type" content="text/html;charset=utf-8" />
  <meta name='ocr-system' content='tesseract 3.04.00' />
  <meta name='ocr-capabilities' content='ocr_page ocr_carea ocr_par ocr_line ocrx_word'/>
</head>
<body>
  <div class='ocr_page' id='page_1' title='image "./odesandepodesho05horagoog_0176.png"; bbox 0 0 3496 4954; ppageno 0'>
   <div class='ocr_carea' id='block_1_1' title="bbox 600 555 953 688">
    <p class='ocr_par' dir='ltr' id='par_1_1' title="bbox 600 555 953 688">
     <span class='ocr_line' id='line_1_1' title="bbox 600 555 953 688; baseline -0.011 0"><span class='ocrx_word' id='word_1_1' title='bbox 600 611 706 688; x_wconf 73' lang='lat' dir='ltr'>Book</span> <span class='ocrx_word' id='word_1_2' title='bbox 721 555 953 684; x_wconf 60' lang='grc' dir='ltr'>[ι’-σω.</span> 
     </span>
    </p>
   </div>
   <div class='ocr_carea' id='block_1_2' title="bbox 351 786 1079 874">
    <p class='ocr_par' dir='ltr' id='par_1_2' title="bbox 351 786 1079 874">
     <span class='ocr_line' id='line_1_2' title="bbox 351 786 1079 874; baseline -0.01 -19"><span class='ocrx_word' id='word_1_3' title='bbox 351 861 355 872; x_wconf 56' lang='grc'>,</span> <span class='ocrx_word' id='word_1_4' title='bbox 460 796 530 874; x_wconf 85' lang='lat' dir='ltr'>Jam</span> <span class='ocrx_word' id='word_1_5' title='bbox 546 809 626 851; x_wconf 91' lang='lat' dir='ltr'>nunc</span> <span class='ocrx_word' id='word_1_6' title='bbox 640 786 752 847; x_wconf 87' lang='lat' dir='ltr'>minaci</span> <span class='ocrx_word' id='word_1_7' title='bbox 766 805 917 846; x_wconf 90' lang='lat' dir='ltr'>murmure</span> <span class='ocrx_word' id='word_1_8' title='bbox 932 805 1079 848; x_wconf 90' lang='lat' dir='ltr'>cornuum</span> 
     </span>
    </p>
   </div>
   <div class='ocr_carea' id='block_1_3' title="bbox 462 884 1111 1163">
    <p class='ocr_par' dir='ltr' id='par_1_3' title="bbox 462 884 1111 1163">
     <span class='ocr_line' id='line_1_3' title="bbox 462 884 1073 967; baseline -0.015 -13"><span class='ocrx_word' id='word_1_9' title='bbox 462 889 644 967; x_wconf 88' lang='lat' dir='ltr'>Perstringis</span> <span class='ocrx_word' id='word_1_10' title='bbox 659 904 756 960; x_wconf 88' lang='lat' dir='ltr'>aures,</span> <span class='ocrx_word' id='word_1_11' title='bbox 764 885 828 963; x_wconf 86' lang='lat' dir='ltr'>jam</span> <span class='ocrx_word' id='word_1_12' title='bbox 845 884 911 944; x_wconf 88' lang='lat' dir='ltr'>litui</span> <span class='ocrx_word' id='word_1_13' title='bbox 925 893 1073 964; x_wconf 89' lang='lat' dir='ltr'>strepunt,</span> 
     </span>
     <span class='ocr_line' id='line_1_4' title="bbox 499 982 985 1069; baseline -0.014 -18"><span class='ocrx_word' id='word_1_14' title='bbox 499 995 570 1069; x_wconf 87' lang='lat' dir='ltr'>Jam</span> <span class='ocrx_word' id='word_1_15' title='bbox 585 988 683 1066; x_wconf 85' lang='lat' dir='ltr'>fulgor</span> <span class='ocrx_word' id='word_1_16' title='bbox 697 1001 848 1060; x_wconf 89' lang='lat' dir='ltr'>armorum</span> <span class='ocrx_word' id='word_1_17' title='bbox 862 982 985 1062; x_wconf 84' lang='lat' dir='ltr'>fugaces</span> 
     </span>
     <span class='ocr_line' id='line_1_5' title="bbox 542 1082 1111 1163; baseline -0.007 -13"><span class='ocrx_word' id='word_1_18' title='bbox 542 1092 651 1150; x_wconf 87' lang='lat' dir='ltr'>Terret</span> <span class='ocrx_word' id='word_1_19' title='bbox 664 1082 778 1163; x_wconf 82' lang='lat' dir='ltr'>equos*</span> <span class='ocrx_word' id='word_1_20' title='bbox 793 1085 989 1162; x_wconf 88' lang='lat' dir='ltr'>equitumque</span> <span class='ocrx_word' id='word_1_21' title='bbox 1003 1085 1111 1146; x_wconf 90' lang='lat' dir='ltr'>voltus.</span> 
     </span>
    </p>
   </div>
   <div class='ocr_carea' id='block_1_4' title="bbox 463 1282 1103 1650">
    <p class='ocr_par' dir='ltr' id='par_1_4' title="bbox 463 1282 1103 1650">
     <span class='ocr_line' id='line_1_6' title="bbox 463 1282 1023 1364; baseline -0.009 -13"><span class='ocrx_word' id='word_1_22' title='bbox 463 1289 578 1351; x_wconf 87' lang='lat' dir='ltr'>Audire</span> <span class='ocrx_word' id='word_1_23' title='bbox 592 1303 720 1364; x_wconf 84' lang='lat' dir='ltr'>magnos</span> <span class='ocrx_word' id='word_1_24' title='bbox 731 1285 795 1364; x_wconf 85' lang='lat' dir='ltr'>jam</span> <span class='ocrx_word' id='word_1_25' title='bbox 808 1283 915 1344; x_wconf 87' lang='lat' dir='ltr'>videor</span> <span class='ocrx_word' id='word_1_26' title='bbox 928 1282 1023 1346; x_wconf 90' lang='lat' dir='ltr'>duces</span> 
     </span>
     <span class='ocr_line' id='line_1_7' title="bbox 464 1383 998 1463; baseline -0.011 -13"><span class='ocrx_word' id='word_1_27' title='bbox 464 1393 535 1450; x_wconf 90' lang='lat' dir='ltr'>Non</span> <span class='ocrx_word' id='word_1_28' title='bbox 550 1388 694 1448; x_wconf 89' lang='lat' dir='ltr'>indecoro</span> <span class='ocrx_word' id='word_1_29' title='bbox 708 1385 831 1463; x_wconf 85' lang='lat' dir='ltr'>pulvere</span> <span class='ocrx_word' id='word_1_30' title='bbox 848 1383 998 1459; x_wconf 85' lang='lat' dir='ltr'>sordidos,</span> 
     </span>
     <span class='ocr_line' id='line_1_8' title="bbox 503 1485 971 1550; baseline -0.013 0"><span class='ocrx_word' id='word_1_31' title='bbox 503 1491 543 1550; x_wconf 91' lang='lat' dir='ltr'>Et</span> <span class='ocrx_word' id='word_1_32' title='bbox 556 1497 667 1549; x_wconf 90' lang='lat' dir='ltr'>cuncta</span> <span class='ocrx_word' id='word_1_33' title='bbox 681 1495 827 1546; x_wconf 82' lang='lat' dir='ltr'>terrarum</span> <span class='ocrx_word' id='word_1_34' title='bbox 842 1485 971 1546; x_wconf 86' lang='lat' dir='ltr'>subacta</span> 
     </span>
     <span class='ocr_line' id='line_1_9' title="bbox 542 1583 1103 1650; baseline -0.009 -1"><span class='ocrx_word' id='word_1_35' title='bbox 542 1591 656 1650; x_wconf 84' lang='lat' dir='ltr'>Praeter</span> <span class='ocrx_word' id='word_1_36' title='bbox 670 1596 803 1648; x_wconf 87' lang='lat' dir='ltr'>atrocem</span> <span class='ocrx_word' id='word_1_37' title='bbox 818 1584 952 1646; x_wconf 87' lang='lat' dir='ltr'>animum</span> <span class='ocrx_word' id='word_1_38' title='bbox 967 1583 1103 1646; x_wconf 81' lang='lat' dir='ltr'>Catonis</span> 
     </span>
    </p>
   </div>
   <div class='ocr_carea' id='block_1_5' title="bbox 461 1787 1019 2168">
    <p class='ocr_par' dir='ltr' id='par_1_5' title="bbox 461 1787 1019 2168">
     <span class='ocr_line' id='line_1_10' title="bbox 461 1787 1019 1873; baseline -0.014 -17"><span class='ocrx_word' id='word_1_39' title='bbox 461 1797 542 1873; x_wconf 91' lang='lat' dir='ltr'>Juno</span> <span class='ocrx_word' id='word_1_40' title='bbox 557 1802 587 1855; x_wconf 89' lang='lat' dir='ltr'>et</span> <span class='ocrx_word' id='word_1_41' title='bbox 601 1793 727 1854; x_wconf 88' lang='lat' dir='ltr'>deorum</span> <span class='ocrx_word' id='word_1_42' title='bbox 742 1789 879 1868; x_wconf 90' lang='lat' dir='ltr'>quisquis</span> <span class='ocrx_word' id='word_1_43' title='bbox 894 1787 1019 1850; x_wconf 85' lang='lat' dir='ltr'>amicior</span> 
     </span>
     <span class='ocr_line' id='line_1_11' title="bbox 464 1891 976 1970; baseline -0.006 -16"><span class='ocrx_word' id='word_1_44' title='bbox 464 1895 546 1956; x_wconf 87' lang='lat' dir='ltr'>Airis</span> <span class='ocrx_word' id='word_1_45' title='bbox 561 1894 657 1954; x_wconf 89' lang='lat' dir='ltr'>inulta</span> <span class='ocrx_word' id='word_1_46' title='bbox 671 1901 804 1970; x_wconf 66' lang='lat' dir='ltr'>cesserat</span> <span class='ocrx_word' id='word_1_47' title='bbox 822 1891 976 1969; x_wconf 86' lang='lat' dir='ltr'>impotens</span> 
     </span>
     <span class='ocr_line' id='line_1_12' title="bbox 502 1992 930 2069; baseline 0 -17"><span class='ocrx_word' id='word_1_48' title='bbox 502 1994 625 2054; x_wconf 88' lang='lat' dir='ltr'>Tellure</span> <span class='ocrx_word' id='word_1_49' title='bbox 639 1992 786 2052; x_wconf 91' lang='lat' dir='ltr'>victorum</span> <span class='ocrx_word' id='word_1_50' title='bbox 801 2001 930 2069; x_wconf 89' lang='lat' dir='ltr'>nepotes</span> 
     </span>
     <span class='ocr_line' id='line_1_13' title="bbox 542 2090 989 2168; baseline -0.002 -17"><span class='ocrx_word' id='word_1_51' title='bbox 542 2091 675 2152; x_wconf 87' lang='lat' dir='ltr'>Rettulit</span> <span class='ocrx_word' id='word_1_52' title='bbox 688 2090 809 2150; x_wconf 83' lang='lat' dir='ltr'>inferias</span> <span class='ocrx_word' id='word_1_53' title='bbox 823 2090 989 2168; x_wconf 80' lang='lat' dir='ltr'>Jugunhae.</span> 
     </span>
    </p>
   </div>
   <div class='ocr_carea' id='block_1_6' title="bbox 463 2285 1060 2680">
    <p class='ocr_par' dir='ltr' id='par_1_6' title="bbox 463 2285 1060 2680">
     <span class='ocr_line' id='line_1_14' title="bbox 463 2285 1060 2364; baseline -0.003 -16"><span class='ocrx_word' id='word_1_54' title='bbox 463 2288 540 2363; x_wconf 90' lang='lat' dir='ltr'>Quis</span> <span class='ocrx_word' id='word_1_55' title='bbox 555 2307 617 2348; x_wconf 94' lang='lat' dir='ltr'>non</span> <span class='ocrx_word' id='word_1_56' title='bbox 632 2287 742 2346; x_wconf 84' lang='lat' dir='ltr'>Latino</span> <span class='ocrx_word' id='word_1_57' title='bbox 757 2287 904 2364; x_wconf 87' lang='lat' dir='ltr'>sanguine</span> <span class='ocrx_word' id='word_1_58' title='bbox 918 2285 1060 2364; x_wconf 88' lang='lat' dir='ltr'>pinguior</span> 
     </span>
     <span class='ocr_line' id='line_1_15' title="bbox 465 2386 993 2465; baseline -0.006 -16"><span class='ocrx_word' id='word_1_59' title='bbox 465 2389 599 2465; x_wconf 85' lang='lat' dir='ltr'>Campus</span> <span class='ocrx_word' id='word_1_60' title='bbox 613 2387 760 2465; x_wconf 88' lang='lat' dir='ltr'>sepulcris</span> <span class='ocrx_word' id='word_1_61' title='bbox 776 2386 869 2464; x_wconf 89' lang='lat' dir='ltr'>impia</span> <span class='ocrx_word' id='word_1_62' title='bbox 882 2387 993 2463; x_wconf 84' lang='lat' dir='ltr'>proelia</span> 
     </span>
     <span class='ocr_line' id='line_1_16' title="bbox 502 2485 980 2562; baseline -0.004 -15"><span class='ocrx_word' id='word_1_63' title='bbox 502 2488 654 2560; x_wconf 86' lang='lat' dir='ltr'>Testatur,</span> <span class='ocrx_word' id='word_1_64' title='bbox 664 2485 860 2562; x_wconf 91' lang='lat' dir='ltr'>auditumque</span> <span class='ocrx_word' id='word_1_65' title='bbox 875 2485 980 2546; x_wconf 88' lang='lat' dir='ltr'>Medis</span> 
     </span>
     <span class='ocr_line' id='line_1_17' title="bbox 544 2583 984 2680; baseline -0.005 -34"><span class='ocrx_word' id='word_1_66' title='bbox 544 2584 704 2665; x_wconf 85' lang='lat' dir='ltr'>Hesperiae</span> <span class='ocrx_word' id='word_1_67' title='bbox 719 2583 852 2646; x_wconf 87' lang='lat' dir='ltr'>sonitum</span> <span class='ocrx_word' id='word_1_68' title='bbox 866 2584 984 2680; x_wconf 72' lang='lat' dir='ltr'>ruinael</span> 
     </span>
    </p>
   </div>
   <div class='ocr_carea' id='block_1_7' title="bbox 464 2784 1087 3158">
    <p class='ocr_par' dir='ltr' id='par_1_7' title="bbox 464 2784 1087 3158">
     <span class='ocr_line' id='line_1_18' title="bbox 465 2784 1087 2866; baseline 0.002 -21"><span class='ocrx_word' id='word_1_69' title='bbox 465 2785 525 2860; x_wconf 86' lang='lat' dir='ltr'>Qui</span> <span class='ocrx_word' id='word_1_70' title='bbox 539 2804 648 2865; x_wconf 85' lang='lat' dir='ltr'>gurges</span> <span class='ocrx_word' id='word_1_71' title='bbox 663 2795 714 2846; x_wconf 90' lang='lat' dir='ltr'>aut</span> <span class='ocrx_word' id='word_1_72' title='bbox 729 2805 796 2863; x_wconf 87' lang='lat' dir='ltr'>quae</span> <span class='ocrx_word' id='word_1_73' title='bbox 811 2786 937 2847; x_wconf 89' lang='lat' dir='ltr'>flumina</span> <span class='ocrx_word' id='word_1_74' title='bbox 950 2784 1087 2866; x_wconf 88' lang='lat' dir='ltr'>lugubris</span> 
     </span>
     <span class='ocr_line' id='line_1_19' title="bbox 464 2885 1030 2964; baseline 0.005 -20"><span class='ocrx_word' id='word_1_75' title='bbox 464 2887 576 2964; x_wconf 90' lang='lat' dir='ltr'>Ignara</span> <span class='ocrx_word' id='word_1_76' title='bbox 587 2885 682 2946; x_wconf 83' lang='lat' dir='ltr'>belli?</span> <span class='ocrx_word' id='word_1_77' title='bbox 704 2886 786 2963; x_wconf 90' lang='lat' dir='ltr'>quod</span> <span class='ocrx_word' id='word_1_78' title='bbox 801 2905 884 2946; x_wconf 89' lang='lat' dir='ltr'>mare</span> <span class='ocrx_word' id='word_1_79' title='bbox 899 2886 1030 2947; x_wconf 83' lang='lat' dir='ltr'>Dauniae</span> 
     </span>
     <span class='ocr_line' id='line_1_20' title="bbox 505 2984 945 3047; baseline 0.002 -3"><span class='ocrx_word' id='word_1_80' title='bbox 505 2987 577 3045; x_wconf 91' lang='lat' dir='ltr'>Non</span> <span class='ocrx_word' id='word_1_81' title='bbox 592 2984 805 3046; x_wconf 85' lang='lat' dir='ltr'>decoloravere</span> <span class='ocrx_word' id='word_1_82' title='bbox 821 2986 945 3047; x_wconf 70' lang='lat' dir='ltr'>medes?</span> 
     </span>
     <span class='ocr_line' id='line_1_21' title="bbox 545 3085 1052 3158; baseline -0.006 -13"><span class='ocrx_word' id='word_1_83' title='bbox 545 3085 623 3158; x_wconf 86' lang='lat' dir='ltr'>Quae</span> <span class='ocrx_word' id='word_1_84' title='bbox 637 3094 720 3143; x_wconf 86' lang='lat' dir='ltr'>caret</span> <span class='ocrx_word' id='word_1_85' title='bbox 735 3102 789 3144; x_wconf 86' lang='lat' dir='ltr'>ora</span> <span class='ocrx_word' id='word_1_86' title='bbox 804 3103 910 3144; x_wconf 88' lang='lat' dir='ltr'>cruore</span> <span class='ocrx_word' id='word_1_87' title='bbox 925 3087 1052 3144; x_wconf 87' lang='lat' dir='ltr'>nostro?</span> 
     </span>
    </p>
   </div>
   <div class='ocr_carea' id='block_1_8' title="bbox 466 3281 1055 3659">
    <p class='ocr_par' dir='ltr' id='par_1_8' title="bbox 466 3281 1055 3659">
     <span class='ocr_line' id='line_1_22' title="bbox 467 3281 1055 3360; baseline -0.003 -17"><span class='ocrx_word' id='word_1_88' title='bbox 467 3283 527 3343; x_wconf 91' lang='lat' dir='ltr'>Sed</span> <span class='ocrx_word' id='word_1_89' title='bbox 542 3301 580 3342; x_wconf 91' lang='lat' dir='ltr'>ne</span> <span class='ocrx_word' id='word_1_90' title='bbox 594 3282 715 3356; x_wconf 87' lang='lat' dir='ltr'>relictis,</span> <span class='ocrx_word' id='word_1_91' title='bbox 727 3283 819 3342; x_wconf 87' lang='lat' dir='ltr'>Musa</span> <span class='ocrx_word' id='word_1_92' title='bbox 833 3300 955 3359; x_wconf 83' lang='lat' dir='ltr'>procax,</span> <span class='ocrx_word' id='word_1_93' title='bbox 968 3281 1055 3360; x_wconf 74' lang='lat' dir='ltr'>iocis,</span> 
     </span>
     <span class='ocr_line' id='line_1_23' title="bbox 466 3378 989 3450; baseline -0.008 -7"><span class='ocrx_word' id='word_1_94' title='bbox 466 3383 538 3444; x_wconf 85' lang='lat' dir='ltr'>Ceae</span> <span class='ocrx_word' id='word_1_95' title='bbox 551 3391 699 3442; x_wconf 83' lang='lat' dir='ltr'>retractes</span> <span class='ocrx_word' id='word_1_96' title='bbox 712 3399 840 3441; x_wconf 90' lang='lat' dir='ltr'>munera</span> <span class='ocrx_word' id='word_1_97' title='bbox 854 3381 952 3441; x_wconf 87' lang='lat' dir='ltr'>neniae</span> <span class='ocrx_word' id='word_1_98' title='bbox 964 3378 989 3450; x_wconf 87' lang='lat'>:†</span> 
     </span>
     <span class='ocr_line' id='line_1_24' title="bbox 506 3480 950 3544; baseline -0.009 0"><span class='ocrx_word' id='word_1_99' title='bbox 506 3484 630 3544; x_wconf 90' lang='lat' dir='ltr'>Mecum</span> <span class='ocrx_word' id='word_1_100' title='bbox 646 3482 776 3542; x_wconf 88' lang='lat' dir='ltr'>Dionaeo</span> <span class='ocrx_word' id='word_1_101' title='bbox 790 3480 848 3542; x_wconf 91' lang='lat' dir='ltr'>sub</span> <span class='ocrx_word' id='word_1_102' title='bbox 863 3491 950 3541; x_wconf 85' lang='lat' dir='ltr'>antro</span> 
     </span>
     <span class='ocr_line' id='line_1_25' title="bbox 548 3579 1050 3659; baseline -0.01 -15"><span class='ocrx_word' id='word_1_103' title='bbox 548 3584 660 3657; x_wconf 85' lang='lat' dir='ltr'>Quaere</span> <span class='ocrx_word' id='word_1_104' title='bbox 675 3581 783 3642; x_wconf 88' lang='lat' dir='ltr'>modos</span> <span class='ocrx_word' id='word_1_105' title='bbox 797 3581 910 3641; x_wconf 91' lang='lat' dir='ltr'>leviore</span> <span class='ocrx_word' id='word_1_106' title='bbox 924 3579 1050 3659; x_wconf 88' lang='lat' dir='ltr'>plectro.</span> 
     </span>
    </p>
   </div>
   <div class='ocr_carea' id='block_1_9' title="bbox 0 0 1766 4954">
    <p class='ocr_par' dir='ltr' id='par_1_9' title="bbox 0 0 1766 4954">
     <span class='ocr_line' id='line_1_26' title="bbox 0 0 1766 4954; baseline 0 0"><span class='ocrx_word' id='word_1_107' title='bbox 0 0 1766 4954; x_wconf 95' lang='lat' dir='ltr'> </span> 
     </span>
    </p>
   </div>
  </div>
 </body>
</html>
