3398 4950
719 663 959 762 &WXW
1283 689 1351 761 5OE

325 843 430 926 ability
446 845 472 907 is
488 845 520 906 in
540 847 626 908 favor
642 845 679 907 of
689 846 742 907 the
759 843 951 925 supposition
968 845 1036 904 that
1056 843 1079 903 it
1092 863 1154 905 was
1168 845 1220 905 the
1237 863 1358 925 expres·

324 944 391 1005 sion
405 946 442 1007 of
450 964 469 1006 a
481 947 614 1026 genuine
628 946 803 1020 sentiment,
818 946 880 1005 and
894 942 1063 1005 addresserl
1077 950 1109 1004 to
1124 961 1143 1002 a
1156 944 1219 1004 real
1232 963 1355 1022 person.

323 1044 486 1107 Macleane
502 1047 615 1125 pushes
636 1056 689 1107 too
704 1046 752 1106 sar
767 1045 816 1104 his
832 1043 982 1122 skeptical
999 1044 1106 1122 theory
1121 1045 1188 1104 that
1205 1044 1357 1106 Horace's

324 1144 509 1225 love-poems
524 1164 574 1207 are
585 1145 701 1224 merely
712 1142 826 1204 artistic
834 1141 995 1219 exercises,
1004 1142 1066 1203 like
1078 1143 1165 1204 those
1177 1142 1213 1203 ol
1222 1143 1354 1221 Cowley.

742 1494 849 1552 Curru.
866 1493 935 1552 XV.

484 1673 514 1733 N
516 1692 556 1733 ox
568 1681 643 1748 erat,
657 1680 689 1734 et
702 1672 778 1733 caelo
793 1671 930 1750 fulgebat
944 1671 1033 1732 Luna
1046 1689 1155 1734 sereno

524 1773 610 1833 Inter
622 1773 741 1835 minora
752 1772 861 1849 sidera,

484 1874 563 1935 Cum
578 1883 619 1948 tu,
634 1892 814 1954 magnorum
829 1892 943 1934 numen
957 1875 1066 1936 laesura
1079 1873 1215 1949 deorum,

524 1975 563 2034 In
577 1975 670 2035 verba
681 1974 808 2053 jurabas
822 1993 901 2049 mea,
1129 1961 1133 1970 ’

483 2074 589 2134 Artius
604 2085 695 2152 atque
709 2076 824 2135 hedera
837 2093 967 2154 procera
982 2073 1177 2154 adstringitur
1188 2072 1258 2148 ilex,

523 2175 630 2236 Lentis
645 2177 805 2237 adhaerens
819 2176 972 2237 brachiis:

484 2272 567 2335 Dum
580 2276 684 2352 pecori
698 2277 798 2354 lupus,
812 2287 844 2337 et
857 2275 958 2337 nautis
972 2275 1100 2336 inlestus
1115 2273 1211 2335 Orion

523 2375 674 2435 Turbaret
687 2376 849 2436 hibernum
862 2395 956 2449 mare,

485 2473 691 2551 Intonsosque
706 2475 835 2553 agitaret
849 2474 1003 2553 Apollinis
1018 2491 1092 2534 aura
1101 2470 1242 2551 ¹capillos,

526 2573 604 2634 Fore
614 2573 697 2635 hunc
711 2592 845 2635 amorem
862 2585 1009 2634 mutuum.

485 2671 514 2732 Ο
528 2672 660 2733 dolitura
673 2692 742 2734 mea
756 2675 887 2734 multum
901 2673 1012 2734 virtute
1027 2674 1154 2732 Neaeral

525 2773 615 2846 Nam,
629 2771 656 2831 si
671 2771 745 2850 quid
760 2773 792 2833 in
810 2773 921 2833 Flacco
935 2771 990 2831 viri
1004 2781 1061 2844 est,

486 2871 558 2930 Non
571 2870 648 2931 seret
661 2871 802 2932 assiduas
815 2869 925 2949 potiori
940 2879 970 2930 te
981 2868 1055 2929 dare
1070 2877 1185 2942 noctes,

526 2970 566 3030 Et
580 2973 695 3046 quaere‘t
708 2969 802 3030 iratus
813 2987 928 3047 parem,

486 3069 553 3128 Nec
563 3068 658 3128 semel
673 3068 796 3130 offensae
810 3068 902 3129 cedet
917 3065 1089 3128 constantia
1101 3065 1214 3141 fomite,

528 3166 561 3226 Si
575 3175 675 3227 certus
690 3166 809 3227 intrarit
820 3167 917 3227 dolor.

488 3265 527 3324 Et
540 3272 582 3338 tu,
597 3264 771 3342 quicunque
786 3283 820 3326 es
834 3265 951 3327 felicior
968 3275 1060 3346 atque
1075 3284 1143 3328 meo
1155 3285 1237 3328 nunc

527 3363 690 3442 Superbus'
697 3363 815 3426 incedis
826 3366 917 3440 malo,
