3412 5114
645 657 751 732 Book
767 658 797 728 I
801 657 977 729 V—Oo'e
992 658 1069 730 IX.

541 842 614 900 Non
629 839 696 900 sola
709 847 851 915 comptos
866 833 940 893 arsit
955 834 1085 894 adulteri

542 939 659 1014 Crines,
674 949 706 1000 et
720 955 826 998 aurum
842 933 980 994 vestibus
994 934 1105 995 illitum

583 1040 705 1113 Mirata,
721 1036 902 1115 regalesque
917 1033 1018 1094 cultus

622 1141 662 1199 Et
676 1136 804 1220 comites
821 1133 945 1193 Helene
961 1134 1114 1211 Lacaena,

542 1291 698 1352 Primusve
712 1288 833 1346 Teucer
847 1285 910 1345 tela
925 1285 1067 1365 Cydonio

542 1389 660 1451 Direxit
674 1406 767 1463 arcu3
788 1404 850 1446 non
866 1387 962 1446 semel
978 1387 1056 1448 ilios

581 1494 721 1567 Vexata3
741 1507 805 1549 non
822 1487 971 1566 pugnavit
985 1487 1095 1566 ingens

622 1597 808 1657 Idomeneus
824 1591 1027 1654 Sthenelusve
1041 1591 1125 1652 solus
1140 1675 1145 1684 ¹

542 1748 683 1810 Dicenda
697 1748 797 1810 Musis
811 1747 942 1828 proelia,
963 1766 1026 1807 non
1041 1744 1126 1806 ferox

544 1849 670 1924 Hector,
684 1849 732 1910 vel
748 1868 820 1910 acer
835 1848 1018 1928 Deiphobus
1031 1865 1141 1928 graves

583 1951 711 2028 Excepit
722 1951 800 2011 ictus
814 1969 872 2029 pro
886 1949 1009 2029 pudicis

623 2050 814 2130 Conjugibus
831 2049 996 2128 puerisque
1011 2049 1135 2127 primus.

543 2198 653 2258 Vixere
668 2199 761 2259 fortes
776 2210 848 2260 ante
864 2203 1101 2280 Agamemnona

544 2296 655 2371 Multi,
675 2298 731 2357 sed
745 2317 853 2359 omnes
868 2299 1097 2358 illacrimabiles

584 2395 740 2471 Urgentur
754 2395 912 2473 ignotique
928 2396 1021 2474 longa

624 2495 733 2567 Nocte,
749 2503 855 2554 carent
870 2495 943 2572 quia
956 2505 1026 2555 vate
1041 2514 1138 2556 sacro.

544 2643 684 2704 Paullum
700 2644 827 2722 sepultae
843 2644 937 2706 distat
952 2645 1068 2707 inertiae

544 2745 652 2806 Celata
665 2745 769 2806 virtus.
814 2747 888 2806 Non
906 2765 964 2826 ego
979 2757 1008 2807 te
1023 2746 1100 2808 meis

584 2845 706 2906 Chartis
721 2846 896 2907 inornatum
911 2848 1019 2923 silebo,

623 2947 721 3006 Totve
736 2947 920 3025 tuos.patiar
934 2948 1057 3016 labores

545 3096 683 3173 Impune,
699 3095 789 3169 Lolli,
805 3115 931 3174 carpere
946 3097 1057 3158 lividas

544 3192 730 3253 Obliviones.
774 3195 831 3254 Est
846 3195 966 3255 animus
981 3196 1037 3257 tibi

584 3294 759 3370 Remmque
774 3294 919 3371 prudens,
934 3304 966 3354 et
980 3296 1123 3356 secundis

623 3392 829 3472 Temporibus
844 3393 1008 3472 dubiisque
1021 3405 1123 3456 rectus
1134 3392 1161 3470 ς*

500 3513 507 3528 “
543 3542 666 3603 Vindex
680 3562 779 3604 avarae
795 3543 920 3617 fraudis,
935 3553 967 3604 et
982 3543 1140 3605 abstinens

545 3644 693 3704 Ducentis
709 3643 749 3704 ad
764 3661 797 3704 se
812 3653 925 3704 cuncta
937 3644 1098 3723 pecuniae3

586 3744 763 3822 Consulque
778 3763 842 3804 non
857 3744 948 3804 unius
964 3744 1046 3819 anni,

626 3845 688 3906 Sed
704 3845 824 3923 quoties
839 3846 940 3906 bonus
956 3855 1048 3923 atque
1062 3846 1142 3906 fidus

342 4035 465 4085 delentos
478 4034 575 4084 Lollius
591 4034 618 4084 in
629 4035 774 4101 Gennany;
791 4035 842 4085 and
859 4035 878 4084 it
894 4049 979 4086 seems
995 4034 1051 4083 that
1066 4041 1112 4085 not
1127 4036 1187 4101 only
1201 4037 1302 4087 Horace
1318 4037 1378 4087 here

342 4108 519 4174 emphatioelly
530 4108 605 4159 secks
616 4115 642 4158 to
652 4123 702 4174 pay
713 4108 806 4158 tribute
818 4116 845 4158 to
856 4110 900 4159 the
911 4107 1094 4158 steadiastness
1105 4108 1154 4157 and
1171 4108 1288 4176 integrity
1298 4111 1328 4160 ol
1339 4111 1379 4161 his

342 4181 445 4231 friend's
462 4182 597 4242 character,
609 4180 655 4231 but
665 4182 692 4232 in
709 4183 752 4232 the
764 4181 918 4246 concluding
933 4189 1021 4232 stanna
1032 4189 1060 4231 to
1070 4180 1196 4232 uindicate
1208 4182 1247 4232 his
1263 4197 1378 4250 courage,

342 4255 392 4305 and
404 4254 518 4305 intimate
529 4255 582 4304 that
593 4255 625 4304 he
637 4270 689 4304 was
700 4255 743 4304 the
754 4255 803 4304 last
815 4270 875 4305 man
886 4255 944 4304 who
955 4255 1040 4305 would
1052 4255 1116 4304 have
1128 4255 1212 4306 seared
1223 4256 1306 4307 deatlu
