3386 5000
580 557 687 630 aaa
703 557 894 632 m-oca
910 530 1076 636 XVIII.
1271 591 1344 668 227

508 737 558 796 Tu
572 734 706 796 secanda
721 753 873 794 marmora

549 836 649 894 Locas
664 832 722 892 sub
736 833 837 910 ipsum
852 833 964 910 funus;
984 847 1016 897 et
1030 839 1161 918 sepulcri

508 936 675 992 Immemor
688 932 779 994 struis
794 932 912 1007 domos,

549 1032 705 1110 Marisque
721 1033 804 1094 Baiis
819 1033 1026 1113 obstrepentis
1040 1057 1130 1118 urges

508 1273 704 1334 Summovere
719 1273 816 1348 litora,

547 1374 659 1433 Parum
674 1374 811 1452 locuples
825 1373 1005 1437 continente
1020 1377 1115 1456 ripa*

507 1471 599 1548 Quid,
611 1474 695 1552 quod
708 1493 806 1551 usque
820 1477 976 1553 proximos

471 1561 475 1568 ¹
555 1575 692 1637 Revellis
707 1575 772 1656 agri
787 1577 941 1652 terminos,
953 1587 985 1638 et
1000 1578 1080 1638 ultra

505 1820 633 1881 Limites
648 1819 806 1881 clientium

550 1919 630 1981 Salis
646 1923 777 1982 avarus?
818 1921 947 1982 Pellitur
960 1932 1106 2001 paternos

508 2021 546 2079 In
561 2021 630 2080 sinu
645 2020 746 2081 serens
762 2021 838 2080 deos

547 2119 587 2178 Et
601 2137 683 2192 uxor,
694 2129 725 2179 et
734 2103 797 2192 .vir,'
804 2119 1007 2196 sordidosque
1022 2131 1120 2194 natos.

507 2354 601 2415 Nulla
615 2353 725 2415 certior
739 2364 843 2414 tamen
909 2371 911 2376 ¹

549 2452 684 2530 Rapacis
699 2453 773 2512 Orci
786 2453 849 2512 fine
864 2453 1020 2516 destinata

379 2633 383 2641 ⁸
478 2559 481 2565 ’
512 2554 731 2615 Auladivitem
747 2563 852 2613 manet

547 2656 675 2714 Herum.
719 2653 804 2728 Quid
818 2653 898 2715 ultra
913 2655 1036 2717 tendis?
1076 2659 1181 2736 AEqua
1195 2660 1286 2722 tellus

506 2898 637 2978 Pauperi
651 2897 816 2959 recluditur

545 3000 725 3076 Regumque
739 2996 851 3074 pueris,
863 3015 921 3056 nec
936 2998 1061 3059 satelles
1076 2999 1149 3061 Orci

505 3097 656 3157 Callidum
673 3095 856 3154 Promethea

545 3194 675 3254 Revexit
689 3211 763 3273 auro
777 3201 894 3269 captus.
938 3193 1002 3254 Hic
1017 3195 1180 3272 superbum

503 3439 666 3500 Tantalum
682 3447 774 3516 atque
788 3436 914 3497 Tantali

544 3541 650 3600 Genus
664 3545 794 3611 coercet,
805 3537 856 3596 hic
869 3537 972 3596 levare
987 3535 1124 3597 functum

499 3640 672 3722 ‘Pauperem
686 3637 843 3698 laboribus

542 3741 679 3801 Vocatus
694 3748 785 3816 atque
800 3756 863 3798 non
877 3747 1005 3798 vocatus
1020 3737 1112 3799 audit

343 3987 361 4022 ³
378 3987 409 4036 ln
420 3985 527 4036 allusion
538 3993 565 4035 to
577 3986 620 4037 the
632 3984 741 4049 practice
753 3983 784 4034 oi
795 3983 838 4033 the
850 3981 959 4046 wealthy
972 3982 1087 4032 Romans
1098 3982 1124 4032 in
1140 3981 1255 4050 building
1265 3984 1340 4036 uillas
1428 4023 1432 4030 .

304 4067 349 4110 out
365 4059 418 4109 into
434 4061 477 4110 the
493 4074 544 4119 sea,
554 4076 588 4110 on
605 4058 719 4109 artificial
736 4055 967 4114 foundations-as,
980 4056 1042 4120 long
1058 4055 1211 4118 afterwards,
1221 4072 1279 4109 rose
1295 4059 1340 4109 the

304 4134 385 4185 whole
397 4133 446 4200 city
457 4133 486 4184 ol
493 4133 595 4184 Venice.
