3412 5114
666 629 1045 752 morra-oder.
1149 759 1152 766 ¹
1299 669 1364 760 381

544 863 685 935 Namque
700 865 731 915 et
746 850 868 923 nobilis,
883 858 914 909 et
928 847 1054 922 decens,

583 961 622 1019 Et
635 975 691 1035 pro
705 950 843 1015 sollicitis
855 967 917 1008 non
932 947 1044 1008 tacitus
1056 947 1126 1023 reis,

544 1061 584 1120 Et
597 1066 720 1118 centum
734 1069 810 1130 puer
824 1048 933 1110 artium

540 1145 543 1151 ’
584 1159 660 1218 Late
675 1154 763 1233 signa
777 1149 853 1210 seret
869 1144 985 1206 militiae
999 1153 1077 1204 tuae:

548 1379 595 1450 Et,
606 1373 790 1452 quandoque
805 1368 960 1448 potentior

587 1473 679 1553 Largi
693 1470 868 1533 muneribus
882 1468 983 1530 riserit
996 1466 1109 1542 aemuli,

549 1577 688 1637 Albanos
701 1590 797 1653 prope
811 1579 842 1632 te
857 1569 943 1632 lacus

591 1679 689 1738 Ponet
703 1690 914 1747 marmoream,
929 1668 986 1732 sub
1000 1665 1087 1728 trabe
1100 1663 1201 1726 citrea

554 1889 621 1950 Illic
636 1888 765 1968 plurima
779 1884 905 1946 naribus

594 1992 698 2050 Duces
712 1987 809 2060 thura,
826 1986 960 2064 lyraeque
974 1991 1005 2042 et
1019 1978 1204 2059 Berecyntia

555 2088 757 2147 Delectabere
771 2085 853 2145 tibiae

596 2186 702 2245 Mixtis
716 2182 911 2254 carminibus,
927 2199 989 2240 non
1001 2177 1067 2238 sine
1082 2175 1191 2236 fistula

559 2399 626 2459 Illic
640 2398 689 2458 bis
702 2397 788 2475 pueri
802 2396 853 2455 die

600 2500 723 2557 Numen
737 2513 807 2555 cum
822 2493 937 2554 terreris
947 2490 1113 2571 virginibus
1128 2499 1211 2550 tuum

525 2649 527 2654 .
561 2597 746 2668 Laudantes‚
760 2595 840 2673 pede
855 2591 989 2654 candido

602 2701 638 2758 In
655 2713 769 2757 morem
782 2693 897 2754 Salium
911 2702 958 2753 ter
975 2690 1113 2769 quatient
1129 2690 1261 2749 humum.

565 2914 618 2972 Me
633 2929 689 2971 nec
703 2909 816 2970 semina
831 2927 888 2969 nec
899 2925 975 2986 puer

604 3013 673 3087 Jam
687 3027 745 3069 nec
759 3026 831 3087 spes
845 3006 939 3066 animi
953 3002 1078 3066 credula
1091 3001 1195 3076 mutui,

568 3112 634 3170 Nec
648 3118 764 3169 certare
776 3109 862 3185 juvat
876 3124 970 3178 mero,

609 3211 675 3269 Nec
690 3206 803 3268 vincire
814 3205 902 3265 novis
916 3215 1054 3280 tempora
1065 3200 1196 3261 floribus.

571 3418 633 3480 Sed
646 3436 700 3478 cur
713 3417 782 3490 heu,
797 3414 951 3494 Ligurine,
966 3431 1020 3474 cur

611 3521 721 3579 Manat
734 3535 802 3576 rara
815 3534 901 3576 meas
916 3515 1042 3576 lacrima
1058 3531 1113 3592 per
1125 3514 1241 3591 genas?

573 3621 636 3682 Cur
648 3618 781 3680 facunda
796 3637 903 3696 pamm
921 3617 1035 3676 decoro

615 3721 701 3778 Inter
713 3715 908 3796 verbacadit
922 3715 1026 3794 lingua
1040 3710 1181 3774 silentio?

578 3931 742 3991 Nocturnis
751 3947 808 4007 ego
822 3927 950 3990 somniis

619 4033 689 4108 Jam
703 4040 827 4108 captum
839 4039 939 4103 teneo,
950 4027 1016 4107 jam
1030 4024 1184 4086 volucrem
1198 4040 1309 4099 sequor

580 4131 626 4191 Te
640 4150 695 4209 per
708 4131 847 4210 gramina
861 4128 968 4190 Martii

622 4231 739 4309 Campi,
751 4241 781 4290 te
796 4249 850 4309 per
865 4246 970 4306 aquas,
985 4228 1069 4301 dure,
1083 4222 1239 4285 volubiles.
