3440 5056
639 613 745 687 Book
761 614 976 688 [rr-ode
990 619 1065 689 ΧΑ
1295 627 1370 710 299·

536 791 619 865 Quin
633 799 664 849 et
678 789 767 848 Ixion
782 789 951 866 Tityosque
965 790 1051 851 voltu

535 890 615 950 Risit
629 889 724 948 invito
736 910 746 962 5
766 887 851 962 stetit
864 907 941 948 urna
953 890 1090 966 paullum

536 991 632 1063 Sicca,
642 990 713 1049 dum
728 987 815 1066 grato
831 987 933 1047 Danai
947 989 1066 1066 puellas

616 1088 758 1150 Carmine
773 1086 899 1147 mulces.

535 1278 649 1338 Audiat
663 1277 747 1356 Lyde
762 1277 863 1336 scelus
878 1287 969 1355 atque
985 1287 1074 1339 notas
1166 1323 1169 1329 -

535 1379 691 1456 Virginum
706 1395 825 1455 poenas,
837 1387 868 1437 et
882 1377 972 1437 inane
986 1378 1118 1458 lymphae

536 1479 658 1538 Dolium
673 1476 768 1537 fundo
782 1475 940 1558 pereuntis
954 1477 1025 1552 imo,

617 1579 750 1656 Seraque
765 1578 837 1652 fata,
869 1559 875 1567 ’
1053 1580 1058 1588 ’

536 1772 612 1848 Quae
626 1781 752 1834 manent
766 1771 873 1851 culpas
887 1771 978 1834 etiam
993 1773 1052 1834 sub
1066 1773 1156 1835 Orco.

535 1874 651 1952 Impiae,
662 1893 733 1934 nam
749 1873 823 1952 quid
837 1884 964 1952 potuere
978 1874 1099 1955 majus?

536 1974 641 2051 Impiae
655 1993 786 2051 sponsos
800 1985 927 2052 potuere
942 1975 1018 2036 duro

615 2074 746 2134 Perdere
760 2075 839 2134 serro
850 2072 878 2133 l*

534 2251 606 2310 Una
620 2252 658 2310 de
674 2252 784 2325 multis,
796 2253 863 2312 sace
878 2254 1007 2330 nuptiali

534 2349 643 2426 Digna,
654 2351 804 2427 perjurum
819 2350 875 2408 suit
889 2352 920 2409 in
935 2360 1093 2427 parentem

535 2446 700 2524 splendide
715 2447 857 2522 mendax,
869 2459 901 2509 et
915 2450 946 2508 in
960 2467 1052 2510 omne
1066 2449 1151 2528 virgo

612 2546 733 2607 Nobilis
746 2566 855 2621 aevum,

534 2732 553 2760 “
563 2731 684 2808 Surge‚”
699 2749 766 2806 quae
781 2729 859 2791 dixit
870 2731 974 2810 juveni
988 2732 1106 2808 marito,

534 2835 551 2862 “
561 2832 664 2910 Surge,
676 2850 714 2891 ne
729 2832 839 2909 longus
855 2831 908 2892 tibi
924 2851 1059 2908 somnus,
1070 2835 1152 2895 unde

534 2933 605 2990 Non
620 2931 716 3004 times,
728 2933 837 3006 detur3
858 2950 997 2992 socerum
1012 2944 1043 2994 et
1057 2935 1203 2995 scelestas

613 3030 697 3089 Falle
711 3049 832 3090 sorores
843 3053 852 3105 ;

532 3209 609 3283 Quae
625 3211 708 3269 velut
722 3219 820 3270 nactae
835 3210 946 3271 vitulos
960 3211 1066 3273 leaenae

534 3309 675 3386 Singulos
689 3310 768 3368 eheu
783 3310 937 3369 lacerant:
953 3328 1011 3388 ego
1026 3311 1086 3371 illis

533 3409 656 3469 Mollior
671 3427 727 3468 nec
742 3419 772 3473 te
784 3408 889 3469 feriam
906 3427 1005 3488 neque
1020 3411 1099 3470 intra

520 3501 523 3508 ’
613 3509 754 3570 Claustra
768 3509 888 3587 tenebo.

1224 3651 1360 3664 -—

333 3737 439 3786 Danaus
456 3736 609 3800 consented„
617 3736 670 3796 but,
682 3736 708 3786 in
730 3736 836 3786 distrust
853 3752 882 3786 or
904 3751 1022 3802 revenge,
1035 3735 1152 3802 enjoined
1167 3735 1206 3786 his
1225 3736 1362 3801 daughters

332 3817 360 3858 to
376 3809 478 3859 murder
494 3809 559 3859 their
575 3809 750 3875 bridegrooms
766 3812 828 3860 with
845 3811 889 3861 the
911 3811 1010 3862 swords
1029 3811 1061 3861 he
1077 3825 1141 3875 gave
1160 3809 1229 3860 them
1248 3809 1286 3859 sor
1308 3811 1363 3861 that
1446 3850 1449 3856 .

333 3883 441 3933 amiable
467 3899 585 3947 purpose.
632 3885 688 3934 One
716 3885 797 3945 alone,
820 3885 1031 3950 Hypermnestra,
1051 3883 1143 3946 spared
1165 3883 1210 3934 her
1237 3883 1361 3943 husband,

334 3958 456 4024 Lynceus
489 3962 633 4025 According
649 3969 677 4011 to
692 3961 736 4010 the
757 3963 848 4011 earlier
868 3962 973 4020 writers,
991 3962 1035 4011 the
1057 3960 1188 4010 Danaides
1205 3975 1272 4010 were
1294 3961 1362 4024 puri·

334 4035 384 4086 fied
401 4036 430 4087 oi
445 4035 510 4086 their
526 4038 610 4097 crime,
623 4038 674 4088 and
691 4048 756 4088 even
772 4038 981 4102 marriedragain.
1022 4039 1099 4088 Later
1114 4046 1195 4102 poeta,
1208 4038 1324 4102 deeming
1343 4038 1362 4086 it

333 4111 445 4174 perhaps
456 4126 526 4161 more
537 4113 646 4175 prudent
657 4121 684 4161 to
695 4112 770 4162 make
782 4127 797 4161 a
808 4127 897 4162 severe
909 4111 1025 4175 example
1037 4111 1066 4161 os
1073 4113 1136 4162 auch
1147 4111 1290 4176 dangerous
1301 4111 1362 4162 bed·

334 4184 437 4245 iellows,
446 4192 504 4235 sent
513 4185 582 4236 them
594 4193 620 4234 to
634 4185 723 4236 Orcus
