3386 5000
646 610 752 682 Book
768 607 981 678 sih-Ode
997 609 1029 677 l.

504 789 739 849 Desiderantem
757 783 840 860 quod
854 783 930 842 satis
945 791 993 841 est
1006 799 1106 856 neque

503 885 738 946 Tumultuosum
753 879 899 942 sollicitat
912 897 1007 952 mare,

545 987 612 1045 Nec
626 1001 726 1044 saevus
741 977 865 1040 Arcturi
878 977 1019 1038 cadentis

585 1087 732 1162 Impetus,
745 1091 797 1141 aut
812 1077 938 1140 orientis
954 1077 1047 1138 Haedi
1059 1099 1069 1152 ;
1107 1061 1110 1067 ’

506 1291 577 1347 Non
591 1284 757 1344 verberatae
771 1281 922 1360 grandine
936 1280 1043 1355 vineae,

506 1387 692 1463 Fundusque
707 1385 850 1458 mendax,
861 1384 968 1444 arbore
982 1401 1064 1444 nunc
1078 1401 1175 1460 aquas

546 1487 707 1565 culpante,
719 1503 801 1545 nunc
815 1483 961 1545 torrentia
975 1501 1065 1561 agros

450 1584 453 1590 ’
560 1604 563 1609 ·
587 1587 702 1660 Sidera,
714 1605 796 1646 nunc
811 1584 928 1645 hiemes
943 1583 1072 1662 iniquas.

506 1795 673 1854 Contracta
687 1791 788 1871 pisces
802 1810 928 1868 aequora
942 1791 1078 1852 sentiunt

504 1893 602 1969 Jactis
616 1893 648 1952 in
663 1893 758 1952 altum
772 1892 926 1966 molibus;
945 1893 1006 1952 huc
1021 1891 1163 1967 frequens

547 1993 707 2052 Caementa
720 1992 854 2052 demittit
866 1991 1043 2068 redemptor

586 2091 666 2150 Cum
681 2089 832 2165 famulis?
846 2089 1050 2166 dominusque
1066 2099 1152 2150 terrae

507 2286 705 2346 Fastidiosus.
751 2287 813 2346 Sed
827 2286 936 2346 Timor
950 2297 981 2345 et
996 2286 1092 2344 Minae

507 2385 667 2445 Scandunt
680 2386 799 2459 eodem,
809 2402 871 2460 quo
886 2383 1030 2444 dominus
1043 2406 1052 2459 3
1072 2401 1172 2464 neque

547 2483 678 2544 Decedit
692 2493 786 2544 aerata
800 2483 923 2557 triremi,
935 2494 967 2543 et

587 2586 663 2645 Post
677 2584 810 2661 equitem
825 2583 913 2644 sedet
927 2593 993 2642 atra
1007 2583 1118 2653 Cura.†

507 2783 626 2858 Quodsi
641 2783 797 2843 dolentem
813 2800 871 2842 nec
887 2781 1036 2860 Phrygius
1050 2781 1146 2858 lapisss

507 2885 575 2943 Nec
589 2901 790 2960 purpurarum
806 2881 906 2941 sidere
921 2881 1033 2940 clarior

547 2982 673 3043 Delenit
687 3001 770 3056 usus,
780 2967 986 3042 nec'Falema

582 3082 672 3154 Vitis,
684 3079 979 3156 Achaemeniumque
995 3089 1113 3140 costum
1124 3103 1135 3155 5

365 3273 379 3328 †
733 3274 810 3325 “Sed
821 3273 912 3324 Timor
922 3280 949 3322 et
961 3272 1040 3323 Minae

535 3347 666 3398 Scaudunt
678 3346 839 3410 eodemque
851 3346 987 3406 dominus;
1004 3360 1088 3411 neque

559 3423 669 3473 Decedit
681 3429 760 3472 aerata
772 3421 875 3482 triremi,
885 3430 911 3471 et

584 3497 646 3546 Post
658 3495 771 3560 equitem
782 3495 856 3544 sedet
867 3504 922 3544 atra
934 3495 1029 3545 Cura.”

327 3589 429 3640 “Minae
447 3589 551 3640 interme
569 3597 675 3654 propter
694 3588 806 3639 facinora
825 3589 1135 3641 commisse”-0nu1.n1.
1178 3591 1308 3641 “Phreats
1326 3591 1357 3642 os

326 3662 498 3714 conscience.‘’
533 3663 714 3722 “Scandunt,‘'
732 3661 827 3712 ascend
843 3661 887 3710 the
907 3663 970 3728 losty
986 3669 1065 3712 tower
1084 3678 1113 3712 or
1131 3663 1266 3724 helvidem,
1277 3663 1359 3714 which

325 3750 377 3784 was
388 3737 449 3786 then
461 3736 504 3785 the
515 3735 672 3786 sashionahle
683 3734 833 3799 appendage
845 3741 873 3783 to
889 3735 933 3784 the
944 3735 1019 3785 villas
1035 3736 1066 3785 οἱ
1077 3737 1120 3786 the
1131 3739 1245 3803 wealthy.
1279 3741 1294 3764 “
1302 3739 1359 3788 Tm

327 3811 421 3858 ‘aerata
436 3808 560 3860 triremis'
571 3824 623 3859 was
640 3809 684 3858 the
700 3808 754 3857 rich
766 3809 847 3857 man’s
861 3808 960 3871 private
974 3809 1270 3874 yacht.”-thfflrrr.
1302 3810 1358 3859 The

326 3883 473 3934 distinction
489 3884 604 3934 between
622 3885 709 3934 “Post
726 3883 840 3948 equitem
856 3885 930 3934 sedet
946 3893 1003 3934 atra
1022 3885 1117 3944 Cura,“
1133 3885 1184 3936 and
1201 3885 1294 3936 “Cura
1312 3899 1360 3934 nec

325 3963 421 4006 turmas
437 3957 552 4021 equitum
568 3956 714 4021 relinquit,”
732 3956 787 4006 Lih
799 3956 834 4007 11.
845 3957 896 4007 Od.
904 3957 955 4008 xvi
965 3972 1005 4017 22,
1013 3957 1060 4008 has
1077 3957 1141 4008 been
1157 3958 1258 4009 noticed
1274 3959 1300 4008 in
1316 3959 1358 4008 the

326 4036 386 4079 note
397 4038 425 4080 to
435 4031 479 4080 the
490 4031 541 4081 line
551 4032 600 4080 last
611 4030 766 4081 mentioned.
1424 4087 1429 4098 1

367 4102 380 4161 t
398 4104 547 4169 “Phrygius
558 4105 649 4167 lapis,’'
660 4120 676 4153 a
692 4105 774 4170 costly
784 4103 881 4154 marble
896 4105 960 4154 from
979 4105 1098 4170 Synnada
1114 4105 1140 4155 in
1153 4104 1267 4171 Phrygia,
1275 4104 1358 4164 white,

327 4174 386 4226 with
397 4175 444 4225 red
454 4185 534 4241 spots,
544 4177 570 4226 in
581 4183 652 4241 great
663 4183 759 4227 esteem
771 4177 809 4226 ior
820 4177 945 4238 columns,
954 4185 1002 4229 etc.

828 4281 860 4321 11
