3398 4950
727 667 856 768 Epora
872 665 1013 739 XVJJ.

798 865 943 911 CANIDIA.

508 999 592 1076 Quid
604 993 755 1060 obseratis
769 993 892 1054 auribus
907 989 1010 1052 fundis
1024 990 1154 1069 preces?

509 1103 582 1162 Non
595 1118 669 1161 saxa
683 1094 773 1158 nudis
787 1091 926 1154 surdiora
940 1089 1051 1151 navitis

509 1205 672 1279 Neptunus
686 1197 748 1258 alto
762 1193 863 1256 tundit
876 1192 1022 1253 hibernus
1036 1189 1110 1252 salo.

510 1301 630 1362 Inultus
644 1307 679 1360 ut
692 1307 725 1360 tu
739 1294 840 1357 riseris
856 1290 1010 1374 Cotyttia*

512 1402 655 1480 Vulgata,
666 1417 786 1462 sacrum
801 1395 889 1480 liberi¹
903 1393 1075 1473 Cupidinis,

511 1501 550 1560 Et
564 1500 714 1578 Esquilini
729 1497 869 1559 Pontifex
882 1493 1012 1556 venefici

510 1603 640 1677 Impune
654 1610 689 1661 ut
702 1597 820 1659 Urbem
836 1594 960 1656 nomine
975 1593 1111 1672 impleris
1124 1596 1214 1658 meo?

510 1701 594 1775 Quid
607 1700 750 1777 proderat
764 1697 878 1759 ditasse
893 1693 1038 1774 Pelignus
1052 1711 1138 1768 anus,

509 1799 694 1860 Velociusve
707 1797 867 1858 miscuisse
882 1795 1039 1856 toxicum?

512 1899 573 1959 Sed
589 1898 722 1958 tardiora
735 1897 798 1957 fata
811 1905 842 1956 te
855 1895 935 1956 votis
950 1903 1076 1954 manent
1090 1893 1115 1963 :†

511 1999 637 2076 Ingrata
650 1997 763 2058 misero
775 1995 839 2055 vita
852 1994 997 2055 ducenda
1012 2003 1060 2055 est
1074 1994 1106 2054 in
1120 1995 1188 2068 hoc,

511 2097 608 2157 Novis
621 2105 656 2156 ut
669 2113 766 2172 usque
781 2102 928 2173 suppetas
942 2092 1107 2154 laboribus.

511 2195 607 2273 Optat
621 2195 753 2273 quietem
769 2192 892 2269 Pelopis
906 2191 992 2252 infidi
1006 2200 1101 2268 pater,

482 2359 488 2368 ,
512 2295 614 2371 Egens
630 2294 772 2370 benignae
787 2291 938 2351 Tantalus
952 2309 1074 2368 semper
1088 2291 1194 2371 dapis3

511 2392 608 2467 Optat
622 2391 821 2451 Prometheus
836 2389 989 2467 obligatus
1003 2389 1086 2464 aliti;

511 2489 608 2568 Optat
614 2504 764 2566 supremo
777 2487 930 2548 collocare
946 2487 1094 2566 Sisyphus

512 2591 550 2649 In
564 2598 669 2651 monte
683 2607 789 2650 saxum
803 2610 813 2663 ;
833 2587 888 2648 sed
902 2595 1008 2648 vetant
1022 2587 1106 2665 leges
1119 2588 1213 2665 Jovis.

510 2691 606 2751 Voles
620 2690 713 2750 modo
727 2688 797 2750 altis
811 2688 934 2749 desilire
949 2687 1089 2762 turribus,

512 2791 610 2852 Modo
623 2809 697 2852 ense
714 2799 821 2869 pectus
836 2789 951 2850 Norico
965 2787 1130 2864 recludere,

513 2893 698 2968 Frustraque
712 2889 814 2950 vincla
826 2888 939 2968 gutturi
955 2899 1060 2950 nectes
1074 2897 1136 2963 tuo,

513 2991 688 3053 Fastidiose
702 2989 795 3052 tristis
809 2989 995 3069 aegrimonia.

511 3092 668 3152 Vectabor
681 3091 816 3152 humeris
829 3100 903 3152 tunc
917 3107 975 3169 ego
990 3088 1121 3150 inimicis
1134 3107 1238 3168 eques,

514 3193 655 3268 Meaeque
669 3201 750 3251 terra
763 3189 854 3250 cedet
867 3188 1047 3250 insolentiae.

515 3291 566 3348 An
581 3308 649 3366 quae
663 3305 785 3349 movere
800 3305 905 3348 cereas
920 3287 1078 3366 imagines,

512 3389 558 3450 Ut
572 3388 638 3467 ipse
653 3387 733 3449 nosti
747 3387 893 3462 curiosus,
905 3397 936 3448 et
949 3387 1023 3465 polo

393 3523 407 3553 ο
513 3488 660 3567 Deripere
674 3488 777 3549 lunam
792 3487 920 3548 vocibus
934 3486 1049 3565 possim
1064 3486 1149 3562 meis,

357 3735 408 3785 real
425 3735 555 3804 odlspring,
566 3725 617 3790 ¹·'si
628 3744 719 3790 vocata
735 3737 859 3802 partubus
870 3738 969 3789 Lucina
979 3737 1047 3790 veris
1057 3739 1153 3790 alluit.”
1187 3741 1230 3792 He
1242 3755 1300 3792 now
1316 3740 1392 3793 ironi-

357 3813 422 3879 celly
436 3828 545 3878 appears
561 3822 588 3866 to
599 3816 674 3866 make
690 3815 711 3865 it
727 3829 762 3879 up
777 3815 839 3865 with
854 3815 908 3876 her,
919 3815 954 3881 by
969 3815 1099 3881 declaring
1117 3817 1172 3866 that
1190 3817 1351 3868 Pactumeius
1370 3818 1393 3868 is

357 3887 435 3953 really
445 3888 491 3938 ber
502 3903 557 3938 son.
592 3889 675 3940 Ritter
686 3889 732 3939 has
744 3888 900 3953 partumeius
911 3889 1011 3940 instead
1022 3890 1052 3938 oi
1060 3889 1227 3941 Pactumeius.

396 3961 414 3995 ⁵
429 3961 487 4010 The
503 3962 563 4013 rites
575 3963 605 4013 oi
617 3962 730 4030 Cotytto,
742 3963 772 4012 ol
783 3963 911 4013 Thracian
930 3961 1020 4029 origin,
1036 3978 1103 4014 were
1119 3964 1264 4016 celebrated
1283 3965 1343 4032 only
1359 3965 1393 4032 by

356 4051 462 4097 women,
471 4037 532 4089 with
543 4054 593 4090 one
603 4039 734 4105 presiding
744 4038 830 4104 priest.

395 4113 408 4166 l
425 4109 501 4164 “Sed
517 4115 629 4166 tardiora
644 4116 696 4167 iata
711 4124 737 4167 te
753 4115 821 4166 votis
836 4116 966 4168 manent.''
997 4116 1083 4168 There
1098 4116 1121 4168 is
1134 4116 1236 4182 dispute
1253 4115 1332 4169 about
1348 4119 1392 4168 the

356 4186 461 4252 reading
472 4189 524 4239 and
533 4189 726 4254 interpretation
738 4189 768 4240 oi
780 4189 831 4240 this
842 4203 957 4255 passage.
992 4191 1005 4240 Ι
1017 4189 1096 4255 adopt
1111 4190 1185 4242 those
1196 4190 1347 4242 sanctioned
1358 4189 1392 4256 by

357 4261 437 4313 Orelli
448 4264 500 4314 and
511 4265 650 4317 Maclcane.
