<?xml version="1.0" encoding="UTF-8"?>
<!DOCTYPE html PUBLIC "-//W3C//DTD XHTML 1.0 Transitional//EN"
    "http://www.w3.org/TR/xhtml1/DTD/xhtml1-transitional.dtd">
<html xmlns="http://www.w3.org/1999/xhtml" xml:lang="en" lang="en">
 <head>
  <title>
</title>
<meta http-equiv="Content-Type" content="text/html;charset=utf-8" />
  <meta name='ocr-system' content='tesseract 3.04.00' />
  <meta name='ocr-capabilities' content='ocr_page ocr_carea ocr_par ocr_line ocrx_word'/>
</head>
<body>
  <div class='ocr_page' id='page_1' title='image "./odesandepodesho05horagoog_0092.png"; bbox 0 0 3496 4954; ppageno 0'>
   <div class='ocr_carea' id='block_1_1' title="bbox 924 0 1448 3">
    <p class='ocr_par' dir='ltr' id='par_1_1' title="bbox 924 0 1448 3">
     <span class='ocr_line' id='line_1_1' title="bbox 924 0 1448 3; baseline 0 0"><span class='ocrx_word' id='word_1_1' title='bbox 924 0 1448 3; x_wconf 95' lang='lat' dir='ltr'> </span> 
     </span>
    </p>
   </div>
   <div class='ocr_carea' id='block_1_2' title="bbox 686 687 1392 778">
    <p class='ocr_par' dir='ltr' id='par_1_2' title="bbox 686 687 1392 778">
     <span class='ocr_line' id='line_1_2' title="bbox 686 687 1392 778; baseline 0.014 -19"><span class='ocrx_word' id='word_1_2' title='bbox 686 687 791 760; x_wconf 84' lang='lat' dir='ltr'><em>Book</em></span> <span class='ocrx_word' id='word_1_3' title='bbox 807 688 973 760; x_wconf 70' lang='lat' dir='ltr'>L-Ode</span> <span class='ocrx_word' id='word_1_4' title='bbox 987 690 1087 765; x_wconf 87' lang='lat' dir='ltr'><em>XII.</em></span> <span class='ocrx_word' id='word_1_5' title='bbox 1349 707 1392 778; x_wconf 81' lang='lat'>81</span> 
     </span>
    </p>
   </div>
   <div class='ocr_carea' id='block_1_3' title="bbox 364 862 1397 1241">
    <p class='ocr_par' dir='ltr' id='par_1_3' title="bbox 364 862 1397 1241">
     <span class='ocr_line' id='line_1_3' title="bbox 366 862 1397 954; baseline 0.011 -26"><span class='ocrx_word' id='word_1_6' title='bbox 366 869 424 928; x_wconf 91' lang='lat' dir='ltr'>bus</span> <span class='ocrx_word' id='word_1_7' title='bbox 445 870 579 928; x_wconf 89' lang='lat' dir='ltr'>Deorum</span> <span class='ocrx_word' id='word_1_8' title='bbox 600 865 648 925; x_wconf 90' lang='lat' dir='ltr'>vel</span> <span class='ocrx_word' id='word_1_9' title='bbox 673 862 861 924; x_wconf 89' lang='lat' dir='ltr'>hominum.’&#39;</span> <span class='ocrx_word' id='word_1_10' title='bbox 919 867 950 924; x_wconf 91' lang='lat' dir='ltr'>It</span> <span class='ocrx_word' id='word_1_11' title='bbox 977 885 1038 926; x_wconf 86' lang='lat' dir='ltr'>was</span> <span class='ocrx_word' id='word_1_12' title='bbox 1063 871 1208 950; x_wconf 88' lang='lat' dir='ltr'>certainly</span> <span class='ocrx_word' id='word_1_13' title='bbox 1232 883 1397 954; x_wconf 87' lang='lat' dir='ltr'>composed</span> 
     </span>
     <span class='ocr_line' id='line_1_4' title="bbox 366 965 1397 1052; baseline 0.01 -25"><span class='ocrx_word' id='word_1_14' title='bbox 366 969 469 1028; x_wconf 84' lang='lat' dir='ltr'>before</span> <span class='ocrx_word' id='word_1_15' title='bbox 490 969 541 1027; x_wconf 87' lang='lat' dir='ltr'>the</span> <span class='ocrx_word' id='word_1_16' title='bbox 562 965 655 1025; x_wconf 83' lang='lat' dir='ltr'>death</span> <span class='ocrx_word' id='word_1_17' title='bbox 676 965 713 1024; x_wconf 81' lang='lat' dir='ltr'>of</span> <span class='ocrx_word' id='word_1_18' title='bbox 728 965 779 1024; x_wconf 90' lang='lat' dir='ltr'>the</span> <span class='ocrx_word' id='word_1_19' title='bbox 803 981 906 1042; x_wconf 84' lang='lat' dir='ltr'>young</span> <span class='ocrx_word' id='word_1_20' title='bbox 927 965 1103 1042; x_wconf 86' lang='lat' dir='ltr'><strong>Marcellus,</strong></span> <span class='ocrx_word' id='word_1_21' title='bbox 1119 985 1214 1030; x_wconf 74' lang='lat' dir='ltr'>n.u.c.</span> <span class='ocrx_word' id='word_1_22' title='bbox 1239 990 1317 1052; x_wconf 75' lang='lat'>7315</span> <span class='ocrx_word' id='word_1_23' title='bbox 1336 980 1397 1040; x_wconf 89' lang='lat' dir='ltr'>and</span> 
     </span>
     <span class='ocr_line' id='line_1_5' title="bbox 367 1059 1396 1154; baseline 0.011 -27"><span class='ocrx_word' id='word_1_24' title='bbox 367 1065 462 1127; x_wconf 87' lang='lat' dir='ltr'>Orelli</span> <span class='ocrx_word' id='word_1_25' title='bbox 490 1065 552 1124; x_wconf 87' lang='lat' dir='ltr'>and</span> <span class='ocrx_word' id='word_1_26' title='bbox 579 1064 742 1125; x_wconf 89' lang='lat' dir='ltr'>Macleane</span> <span class='ocrx_word' id='word_1_27' title='bbox 774 1059 921 1144; x_wconf 83' lang='lat' dir='ltr'>agree‘in</span> <span class='ocrx_word' id='word_1_28' title='bbox 951 1065 1112 1154; x_wconf 85' lang='lat' dir='ltr'>accepting</span> <span class='ocrx_word' id='word_1_29' title='bbox 1142 1069 1287 1133; x_wconf 86' lang='lat' dir='ltr'>Franke&#39;s</span> <span class='ocrx_word' id='word_1_30' title='bbox 1317 1076 1396 1153; x_wconf 87' lang='lat' dir='ltr'>date,</span> 
     </span>
     <span class='ocr_line' id='line_1_6' title="bbox 364 1180 544 1241; baseline -0.006 -16"><span class='ocrx_word' id='word_1_31' title='bbox 364 1180 457 1226; x_wconf 67' lang='lat' dir='ltr'>nuc.</span> <span class='ocrx_word' id='word_1_32' title='bbox 478 1182 544 1241; x_wconf 84' lang='lat'><strong>7²9·</strong></span> 
     </span>
    </p>
   </div>
   <div class='ocr_carea' id='block_1_4' title="bbox 783 1545 1006 1606">
    <p class='ocr_par' dir='ltr' id='par_1_4' title="bbox 783 1545 1006 1606">
     <span class='ocr_line' id='line_1_7' title="bbox 783 1545 1006 1606; baseline 0.004 0"><span class='ocrx_word' id='word_1_33' title='bbox 783 1545 890 1606; x_wconf 77' lang='lat' dir='ltr'>Canu.</span> <span class='ocrx_word' id='word_1_34' title='bbox 907 1546 983 1606; x_wconf 90' lang='lat' dir='ltr'><strong>XII.</strong></span> <span class='ocrx_word' id='word_1_35' title='bbox 1003 1547 1006 1554; x_wconf 91' lang='lat'>&#39;</span> 
     </span>
    </p>
   </div>
   <div class='ocr_carea' id='block_1_5' title="bbox 563 1749 1163 1927">
    <p class='ocr_par' dir='ltr' id='par_1_5' title="bbox 563 1749 1163 1927">
     <span class='ocr_line' id='line_1_8' title="bbox 563 1749 1163 1830; baseline 0.008 -21"><span class='ocrx_word' id='word_1_36' title='bbox 563 1751 663 1825; x_wconf 87' lang='lat' dir='ltr'><strong>Quem</strong></span> <span class='ocrx_word' id='word_1_37' title='bbox 677 1749 774 1810; x_wconf 86' lang='lat' dir='ltr'>virum</span> <span class='ocrx_word' id='word_1_38' title='bbox 789 1760 841 1810; x_wconf 90' lang='lat' dir='ltr'>aut</span> <span class='ocrx_word' id='word_1_39' title='bbox 851 1751 946 1811; x_wconf 89' lang='lat' dir='ltr'>heroa</span> <span class='ocrx_word' id='word_1_40' title='bbox 960 1751 1025 1830; x_wconf 89' lang='lat' dir='ltr'>lyra</span> <span class='ocrx_word' id='word_1_41' title='bbox 1038 1753 1086 1814; x_wconf 90' lang='lat' dir='ltr'>vel</span> <span class='ocrx_word' id='word_1_42' title='bbox 1102 1755 1163 1814; x_wconf 89' lang='lat' dir='ltr'>acri</span> 
     </span>
     <span class='ocr_line' id='line_1_9' title="bbox 563 1851 1040 1927; baseline 0.01 -18"><span class='ocrx_word' id='word_1_43' title='bbox 563 1851 653 1911; x_wconf 85' lang='lat' dir='ltr'>Tibia</span> <span class='ocrx_word' id='word_1_44' title='bbox 665 1851 760 1912; x_wconf 89' lang='lat' dir='ltr'>sumis</span> <span class='ocrx_word' id='word_1_45' title='bbox 774 1852 938 1927; x_wconf 86' lang='lat' dir='ltr'>celebrare,</span> <span class='ocrx_word' id='word_1_46' title='bbox 950 1853 1040 1914; x_wconf 84' lang='lat' dir='ltr'>Clio?</span> 
     </span>
    </p>
   </div>
   <div class='ocr_carea' id='block_1_6' title="bbox 563 1952 1188 2131">
    <p class='ocr_par' dir='ltr' id='par_1_6' title="bbox 563 1952 1188 2131">
     <span class='ocr_line' id='line_1_10' title="bbox 563 1952 1188 2036; baseline 0.008 -25"><span class='ocrx_word' id='word_1_47' title='bbox 563 1952 663 2026; x_wconf 88' lang='lat' dir='ltr'>Quem</span> <span class='ocrx_word' id='word_1_48' title='bbox 678 1953 800 2013; x_wconf 88' lang='lat' dir='ltr'>Deum?</span> <span class='ocrx_word' id='word_1_49' title='bbox 841 1953 938 2032; x_wconf 90' lang='lat' dir='ltr'>Cujus</span> <span class='ocrx_word' id='word_1_50' title='bbox 952 1954 1069 2015; x_wconf 87' lang='lat' dir='ltr'>recinet</span> <span class='ocrx_word' id='word_1_51' title='bbox 1079 1955 1188 2036; x_wconf 82' lang='lat' dir='ltr'>jocosa</span> 
     </span>
     <span class='ocr_line' id='line_1_11' title="bbox 643 2052 883 2131; baseline 0.004 -20"><span class='ocrx_word' id='word_1_52' title='bbox 643 2054 766 2112; x_wconf 89' lang='lat' dir='ltr'><strong>Nomen</strong></span> <span class='ocrx_word' id='word_1_53' title='bbox 781 2052 883 2131; x_wconf 87' lang='lat' dir='ltr'>imago</span> 
     </span>
    </p>
   </div>
   <div class='ocr_carea' id='block_1_7' title="bbox 563 2299 1201 2672">
    <p class='ocr_par' dir='ltr' id='par_1_7' title="bbox 563 2299 1091 2364">
     <span class='ocr_line' id='line_1_12' title="bbox 563 2299 1091 2364; baseline 0.011 -6"><span class='ocrx_word' id='word_1_54' title='bbox 563 2301 626 2358; x_wconf 89' lang='lat' dir='ltr'>Aut</span> <span class='ocrx_word' id='word_1_55' title='bbox 639 2299 670 2357; x_wconf 90' lang='lat' dir='ltr'>in</span> <span class='ocrx_word' id='word_1_56' title='bbox 684 2299 836 2360; x_wconf 88' lang='lat' dir='ltr'>umbrosis</span> <span class='ocrx_word' id='word_1_57' title='bbox 852 2301 1016 2362; x_wconf 85' lang='lat' dir='ltr'>Heliconis</span> <span class='ocrx_word' id='word_1_58' title='bbox 1030 2303 1091 2364; x_wconf 88' lang='lat' dir='ltr'>oris</span> 
     </span>
    </p>

    <p class='ocr_par' dir='ltr' id='par_1_8' title="bbox 563 2397 1201 2476">
     <span class='ocr_line' id='line_1_13' title="bbox 563 2397 1201 2476; baseline 0.011 -21"><span class='ocrx_word' id='word_1_59' title='bbox 563 2399 625 2456; x_wconf 87' lang='lat' dir='ltr'>Aut</span> <span class='ocrx_word' id='word_1_60' title='bbox 641 2416 733 2473; x_wconf 88' lang='lat' dir='ltr'>super</span> <span class='ocrx_word' id='word_1_61' title='bbox 748 2397 847 2456; x_wconf 90' lang='lat' dir='ltr'>Pindo</span> <span class='ocrx_word' id='word_1_62' title='bbox 863 2399 1006 2476; x_wconf 84' lang='lat' dir='ltr'>gelidove</span> <span class='ocrx_word' id='word_1_63' title='bbox 1021 2401 1052 2458; x_wconf 90' lang='lat' dir='ltr'>in</span> <span class='ocrx_word' id='word_1_64' title='bbox 1069 2403 1201 2464; x_wconf 88' lang='lat' dir='ltr'>Haemo?</span> 
     </span>
    </p>

    <p class='ocr_par' dir='ltr' id='par_1_9' title="bbox 563 2496 1103 2672">
     <span class='ocr_line' id='line_1_14' title="bbox 563 2496 1103 2560; baseline 0.007 -4"><span class='ocrx_word' id='word_1_65' title='bbox 563 2496 655 2556; x_wconf 88' lang='lat' dir='ltr'>Unde</span> <span class='ocrx_word' id='word_1_66' title='bbox 672 2496 811 2556; x_wconf 87' lang='lat' dir='ltr'>vocalem</span> <span class='ocrx_word' id='word_1_67' title='bbox 826 2506 941 2557; x_wconf 89' lang='lat' dir='ltr'>temere</span> <span class='ocrx_word' id='word_1_68' title='bbox 956 2498 1103 2560; x_wconf 80' lang='lat' dir='ltr'>insecutae</span> 
     </span>
     <span class='ocr_line' id='line_1_15' title="bbox 642 2595 912 2672; baseline 0.007 -16"><span class='ocrx_word' id='word_1_69' title='bbox 642 2595 768 2672; x_wconf 90' lang='lat' dir='ltr'>Orphea</span> <span class='ocrx_word' id='word_1_70' title='bbox 782 2596 877 2672; x_wconf 86' lang='lat' dir='ltr'>silvae,</span> <span class='ocrx_word' id='word_1_71' title='bbox 908 2602 912 2610; x_wconf 89' lang='lat'>&#39;</span> 
     </span>
    </p>
   </div>
   <div class='ocr_carea' id='block_1_8' title="bbox 560 2849 1180 3224">
    <p class='ocr_par' dir='ltr' id='par_1_10' title="bbox 563 2849 1129 2928">
     <span class='ocr_line' id='line_1_16' title="bbox 563 2849 1129 2928; baseline 0.014 -21"><span class='ocrx_word' id='word_1_72' title='bbox 563 2851 636 2909; x_wconf 85' lang='lat' dir='ltr'>Arte</span> <span class='ocrx_word' id='word_1_73' title='bbox 650 2849 806 2910; x_wconf 75' lang='lat' dir='ltr'>materna*</span> <span class='ocrx_word' id='word_1_74' title='bbox 820 2851 946 2928; x_wconf 89' lang='lat' dir='ltr'>rapidos</span> <span class='ocrx_word' id='word_1_75' title='bbox 961 2863 1129 2914; x_wconf 85' lang='lat' dir='ltr'>morantem</span> 
     </span>
    </p>

    <p class='ocr_par' dir='ltr' id='par_1_11' title="bbox 561 2949 1180 3030">
     <span class='ocr_line' id='line_1_17' title="bbox 561 2949 1180 3030; baseline 0.013 -22"><span class='ocrx_word' id='word_1_76' title='bbox 561 2949 733 3009; x_wconf 87' lang='lat' dir='ltr'>Fluminum</span> <span class='ocrx_word' id='word_1_77' title='bbox 752 2949 857 3026; x_wconf 89' lang='lat' dir='ltr'>lapsus</span> <span class='ocrx_word' id='word_1_78' title='bbox 871 2951 1049 3029; x_wconf 89' lang='lat' dir='ltr'>celeresque</span> <span class='ocrx_word' id='word_1_79' title='bbox 1063 2963 1180 3030; x_wconf 88' lang='lat' dir='ltr'>ventos,</span> 
     </span>
    </p>

    <p class='ocr_par' dir='ltr' id='par_1_12' title="bbox 560 3048 1146 3224">
     <span class='ocr_line' id='line_1_18' title="bbox 560 3048 1146 3114; baseline 0.014 -8"><span class='ocrx_word' id='word_1_80' title='bbox 560 3048 710 3108; x_wconf 90' lang='lat' dir='ltr'>Blandum</span> <span class='ocrx_word' id='word_1_81' title='bbox 725 3057 757 3108; x_wconf 90' lang='lat' dir='ltr'>et</span> <span class='ocrx_word' id='word_1_82' title='bbox 770 3049 884 3110; x_wconf 86' lang='lat' dir='ltr'>auritas</span> <span class='ocrx_word' id='word_1_83' title='bbox 899 3051 1012 3112; x_wconf 89' lang='lat' dir='ltr'>fidibus</span> <span class='ocrx_word' id='word_1_84' title='bbox 1027 3053 1146 3114; x_wconf 88' lang='lat' dir='ltr'>canoris</span> 
     </span>
     <span class='ocr_line' id='line_1_19' title="bbox 639 3147 914 3224; baseline 0.007 -18"><span class='ocrx_word' id='word_1_85' title='bbox 639 3147 761 3206; x_wconf 91' lang='lat' dir='ltr'>Ducere</span> <span class='ocrx_word' id='word_1_86' title='bbox 776 3165 914 3224; x_wconf 90' lang='lat' dir='ltr'>quercus.</span> 
     </span>
    </p>
   </div>
   <div class='ocr_carea' id='block_1_9' title="bbox 558 3392 1232 3775">
    <p class='ocr_par' dir='ltr' id='par_1_13' title="bbox 558 3392 1118 3475">
     <span class='ocr_line' id='line_1_20' title="bbox 558 3392 1118 3475; baseline 0.011 -21"><span class='ocrx_word' id='word_1_87' title='bbox 558 3395 640 3471; x_wconf 90' lang='lat' dir='ltr'>Quid</span> <span class='ocrx_word' id='word_1_88' title='bbox 654 3392 738 3474; x_wconf 89' lang='lat' dir='ltr'>prius</span> <span class='ocrx_word' id='word_1_89' title='bbox 752 3395 853 3456; x_wconf 87' lang='lat' dir='ltr'>dicam</span> <span class='ocrx_word' id='word_1_90' title='bbox 870 3397 968 3458; x_wconf 90' lang='lat' dir='ltr'>solitis</span> <span class='ocrx_word' id='word_1_91' title='bbox 983 3401 1118 3475; x_wconf 91' lang='lat' dir='ltr'>parentis</span> 
     </span>
    </p>

    <p class='ocr_par' dir='ltr' id='par_1_14' title="bbox 558 3495 1227 3583">
     <span class='ocr_line' id='line_1_21' title="bbox 558 3495 1227 3583; baseline 0.01 -28"><span class='ocrx_word' id='word_1_92' title='bbox 558 3496 724 3570; x_wconf 87' lang='lat' dir='ltr'>Laudibus,</span> <span class='ocrx_word' id='word_1_93' title='bbox 737 3495 788 3572; x_wconf 93' lang='lat' dir='ltr'>qui</span> <span class='ocrx_word' id='word_1_94' title='bbox 806 3513 855 3556; x_wconf 89' lang='lat' dir='ltr'>res</span> <span class='ocrx_word' id='word_1_95' title='bbox 870 3497 1028 3583; x_wconf 89' lang='lat' dir='ltr'>hominum</span> <span class='ocrx_word' id='word_1_96' title='bbox 1043 3501 1227 3576; x_wconf 88' lang='lat' dir='ltr'>acdeorum,</span> 
     </span>
    </p>

    <p class='ocr_par' dir='ltr' id='par_1_15' title="bbox 558 3595 1232 3775">
     <span class='ocr_line' id='line_1_22' title="bbox 558 3595 1232 3676; baseline 0.013 -23"><span class='ocrx_word' id='word_1_97' title='bbox 558 3595 619 3670; x_wconf 90' lang='lat' dir='ltr'>Qui</span> <span class='ocrx_word' id='word_1_98' title='bbox 633 3615 716 3656; x_wconf 91' lang='lat' dir='ltr'>mare</span> <span class='ocrx_word' id='word_1_99' title='bbox 732 3615 769 3656; x_wconf 90' lang='lat' dir='ltr'>ac</span> <span class='ocrx_word' id='word_1_100' title='bbox 786 3605 883 3658; x_wconf 85' lang='lat' dir='ltr'>terras</span> <span class='ocrx_word' id='word_1_101' title='bbox 897 3598 1050 3676; x_wconf 88' lang='lat' dir='ltr'>variisque</span> <span class='ocrx_word' id='word_1_102' title='bbox 1068 3602 1232 3672; x_wconf 89' lang='lat' dir='ltr'>mundum†</span> 
     </span>
     <span class='ocr_line' id='line_1_23' title="bbox 636 3697 919 3775; baseline 0.011 -21"><span class='ocrx_word' id='word_1_103' title='bbox 636 3697 802 3775; x_wconf 88' lang='lat' dir='ltr'>Temperat</span> <span class='ocrx_word' id='word_1_104' title='bbox 815 3697 919 3758; x_wconf 86' lang='lat' dir='ltr'>horis?</span> 
     </span>
    </p>
   </div>
   <div class='ocr_carea' id='block_1_10' title="bbox 557 3950 1289 4314">
    <p class='ocr_par' dir='ltr' id='par_1_16' title="bbox 557 3950 1289 4232">
     <span class='ocr_line' id='line_1_24' title="bbox 557 3950 1092 4032; baseline 0.009 -22"><span class='ocrx_word' id='word_1_105' title='bbox 557 3950 651 4012; x_wconf 90' lang='lat' dir='ltr'>Unde</span> <span class='ocrx_word' id='word_1_106' title='bbox 669 3951 712 4011; x_wconf 93' lang='lat' dir='ltr'>nil</span> <span class='ocrx_word' id='word_1_107' title='bbox 726 3953 826 4032; x_wconf 87' lang='lat' dir='ltr'>majus</span> <span class='ocrx_word' id='word_1_108' title='bbox 839 3963 1001 4032; x_wconf 88' lang='lat' dir='ltr'>generatur</span> <span class='ocrx_word' id='word_1_109' title='bbox 1015 3954 1092 4032; x_wconf 71' lang='lat' dir='ltr'>ipso⁵</span> 
     </span>
     <span class='ocr_line' id='line_1_25' title="bbox 557 4051 1289 4130; baseline 0.011 -20"><span class='ocrx_word' id='word_1_110' title='bbox 557 4051 623 4110; x_wconf 92' lang='lat' dir='ltr'>Nec</span> <span class='ocrx_word' id='word_1_111' title='bbox 637 4052 720 4130; x_wconf 89' lang='lat' dir='ltr'>viget</span> <span class='ocrx_word' id='word_1_112' title='bbox 734 4052 902 4129; x_wconf 84' lang='lat' dir='ltr'>quidquam</span> <span class='ocrx_word' id='word_1_113' title='bbox 920 4053 1018 4113; x_wconf 89' lang='lat' dir='ltr'>simile</span> <span class='ocrx_word' id='word_1_114' title='bbox 1033 4064 1086 4114; x_wconf 91' lang='lat' dir='ltr'>aut</span> <span class='ocrx_word' id='word_1_115' title='bbox 1102 4057 1267 4117; x_wconf 89' lang='lat' dir='ltr'>secundum</span> <span class='ocrx_word' id='word_1_116' title='bbox 1282 4080 1289 4118; x_wconf 94' lang='lat'><strong>:</strong></span> 
     </span>
     <span class='ocr_line' id='line_1_26' title="bbox 557 4150 1069 4232; baseline 0.012 -23"><span class='ocrx_word' id='word_1_117' title='bbox 557 4150 714 4211; x_wconf 84' lang='lat' dir='ltr'>Proximos</span> <span class='ocrx_word' id='word_1_118' title='bbox 729 4151 772 4211; x_wconf 90' lang='lat' dir='ltr'>illi</span> <span class='ocrx_word' id='word_1_119' title='bbox 790 4161 893 4212; x_wconf 89' lang='lat' dir='ltr'>tamen</span> <span class='ocrx_word' id='word_1_120' title='bbox 908 4155 1069 4232; x_wconf 89' lang='lat' dir='ltr'>occupavit</span> 
     </span>
    </p>

    <p class='ocr_par' dir='ltr' id='par_1_17' title="bbox 638 4251 899 4314">
     <span class='ocr_line' id='line_1_27' title="bbox 638 4251 899 4314; baseline 0.008 -4"><span class='ocrx_word' id='word_1_121' title='bbox 638 4251 740 4312; x_wconf 90' lang='lat' dir='ltr'>Pallas</span> <span class='ocrx_word' id='word_1_122' title='bbox 757 4252 899 4314; x_wconf 64' lang='lat' dir='ltr'>honorem</span> 
     </span>
    </p>
   </div>
   <div class='ocr_carea' id='block_1_11' title="bbox 855 4352 893 4426">
    <p class='ocr_par' dir='ltr' id='par_1_18' title="bbox 855 4352 893 4426">
     <span class='ocr_line' id='line_1_28' title="bbox 855 4352 893 4426; baseline 0 -38"><span class='ocrx_word' id='word_1_123' title='bbox 855 4352 893 4426; x_wconf 54' lang='lat'>4*</span> 
     </span>
    </p>
   </div>
   <div class='ocr_carea' id='block_1_12' title="bbox 0 0 1752 4954">
    <p class='ocr_par' dir='ltr' id='par_1_19' title="bbox 0 0 1752 4954">
     <span class='ocr_line' id='line_1_29' title="bbox 0 0 1752 4954; baseline 0 4"><span class='ocrx_word' id='word_1_124' title='bbox 0 0 1752 4954; x_wconf 95' lang='lat' dir='ltr'> </span> 
     </span>
    </p>
   </div>
  </div>
 </body>
</html>
