<?xml version="1.0" encoding="UTF-8"?>
<!DOCTYPE html PUBLIC "-//W3C//DTD XHTML 1.0 Transitional//EN"
    "http://www.w3.org/TR/xhtml1/DTD/xhtml1-transitional.dtd">
<html xmlns="http://www.w3.org/1999/xhtml" xml:lang="en" lang="en">
 <head>
  <title>
</title>
<meta http-equiv="Content-Type" content="text/html;charset=utf-8" />
  <meta name='ocr-system' content='tesseract 3.04.00' />
  <meta name='ocr-capabilities' content='ocr_page ocr_carea ocr_par ocr_line ocrx_word'/>
</head>
<body>
  <div class='ocr_page' id='page_1' title='image "./odesandepodesho05horagoog_0472.png"; bbox 0 0 3398 4950; ppageno 0'>
   <div class='ocr_carea' id='block_1_1' title="bbox 902 0 1658 2">
    <p class='ocr_par' dir='ltr' id='par_1_1' title="bbox 902 0 1658 2">
     <span class='ocr_line' id='line_1_1' title="bbox 902 0 1658 2; baseline 0 0"><span class='ocrx_word' id='word_1_1' title='bbox 902 0 1658 2; x_wconf 95' lang='lat' dir='ltr'> </span> 
     </span>
    </p>
   </div>
   <div class='ocr_carea' id='block_1_2' title="bbox 725 696 925 794">
    <p class='ocr_par' dir='ltr' id='par_1_2' title="bbox 725 696 925 794">
     <span class='ocr_line' id='line_1_2' title="bbox 725 696 925 794; baseline 0.005 -25"><span class='ocrx_word' id='word_1_2' title='bbox 725 696 854 794; x_wconf 58' lang='lat' dir='ltr'>Epora</span> <span class='ocrx_word' id='word_1_3' title='bbox 869 698 925 770; x_wconf 81' lang='lat' dir='ltr'>rr.</span> 
     </span>
    </p>
   </div>
   <div class='ocr_carea' id='block_1_3' title="bbox 426 876 1178 3856">
    <p class='ocr_par' dir='ltr' id='par_1_3' title="bbox 427 876 1001 1054">
     <span class='ocr_line' id='line_1_3' title="bbox 427 876 1001 957; baseline 0 -19"><span class='ocrx_word' id='word_1_4' title='bbox 427 877 542 939; x_wconf 87' lang='lat' dir='ltr'>Sabina</span> <span class='ocrx_word' id='word_1_5' title='bbox 556 877 665 957; x_wconf 86' lang='lat' dir='ltr'>qualis,</span> <span class='ocrx_word' id='word_1_6' title='bbox 680 885 734 938; x_wconf 90' lang='lat' dir='ltr'>aut</span> <span class='ocrx_word' id='word_1_7' title='bbox 746 885 871 955; x_wconf 87' lang='lat' dir='ltr'>perusta</span> <span class='ocrx_word' id='word_1_8' title='bbox 885 876 1001 938; x_wconf 91' lang='lat' dir='ltr'>solibus</span> 
     </span>
     <span class='ocr_line' id='line_1_4' title="bbox 466 976 814 1054; baseline -0.011 -16"><span class='ocrx_word' id='word_1_9' title='bbox 466 978 604 1042; x_wconf 90' lang='lat' dir='ltr'>Pemicis</span> <span class='ocrx_word' id='word_1_10' title='bbox 617 996 696 1039; x_wconf 86' lang='lat' dir='ltr'>uxor</span> <span class='ocrx_word' id='word_1_11' title='bbox 710 976 814 1054; x_wconf 86' lang='lat' dir='ltr'>Apuli,</span> 
     </span>
    </p>

    <p class='ocr_par' dir='ltr' id='par_1_4' title="bbox 427 1076 1063 1253">
     <span class='ocr_line' id='line_1_5' title="bbox 427 1076 1063 1155; baseline -0.002 -17"><span class='ocrx_word' id='word_1_12' title='bbox 427 1079 553 1140; x_wconf 90' lang='lat' dir='ltr'>Sacrum</span> <span class='ocrx_word' id='word_1_13' title='bbox 565 1080 695 1141; x_wconf 88' lang='lat' dir='ltr'>vetustis</span> <span class='ocrx_word' id='word_1_14' title='bbox 709 1087 845 1138; x_wconf 86' lang='lat' dir='ltr'>exstruat</span> <span class='ocrx_word' id='word_1_15' title='bbox 858 1076 949 1155; x_wconf 88' lang='lat' dir='ltr'>lignis</span> <span class='ocrx_word' id='word_1_16' title='bbox 962 1077 1063 1138; x_wconf 85' lang='lat' dir='ltr'>focum</span> 
     </span>
     <span class='ocr_line' id='line_1_6' title="bbox 466 1175 899 1253; baseline -0.009 -14"><span class='ocrx_word' id='word_1_17' title='bbox 466 1179 556 1240; x_wconf 81' lang='lat' dir='ltr'>Lassi</span> <span class='ocrx_word' id='word_1_18' title='bbox 569 1179 627 1239; x_wconf 94' lang='lat' dir='ltr'>sub</span> <span class='ocrx_word' id='word_1_19' title='bbox 642 1179 807 1238; x_wconf 89' lang='lat' dir='ltr'>adventum</span> <span class='ocrx_word' id='word_1_20' title='bbox 822 1175 899 1253; x_wconf 87' lang='lat' dir='ltr'>viri;</span> 
     </span>
    </p>

    <p class='ocr_par' dir='ltr' id='par_1_5' title="bbox 426 1277 1125 1458">
     <span class='ocr_line' id='line_1_7' title="bbox 426 1277 1125 1359; baseline 0.004 -19"><span class='ocrx_word' id='word_1_21' title='bbox 426 1279 643 1356; x_wconf 90' lang='lat' dir='ltr'>Claudensque</span> <span class='ocrx_word' id='word_1_22' title='bbox 657 1277 750 1338; x_wconf 86' lang='lat' dir='ltr'>textis</span> <span class='ocrx_word' id='word_1_23' title='bbox 764 1277 899 1339; x_wconf 85' lang='lat' dir='ltr'>cratibus</span> <span class='ocrx_word' id='word_1_24' title='bbox 913 1280 1015 1340; x_wconf 85' lang='lat' dir='ltr'>laetum</span> <span class='ocrx_word' id='word_1_25' title='bbox 1030 1299 1125 1359; x_wconf 88' lang='lat' dir='ltr'>pecus</span> 
     </span>
     <span class='ocr_line' id='line_1_8' title="bbox 466 1377 852 1458; baseline -0.005 -20"><span class='ocrx_word' id='word_1_26' title='bbox 466 1380 610 1439; x_wconf 88' lang='lat' dir='ltr'>Distenta</span> <span class='ocrx_word' id='word_1_27' title='bbox 627 1377 723 1439; x_wconf 87' lang='lat' dir='ltr'>siccet</span> <span class='ocrx_word' id='word_1_28' title='bbox 736 1377 852 1458; x_wconf 80' lang='lat' dir='ltr'>ubera;</span> 
     </span>
    </p>

    <p class='ocr_par' dir='ltr' id='par_1_6' title="bbox 426 1477 1017 1658">
     <span class='ocr_line' id='line_1_9' title="bbox 426 1477 1017 1556; baseline 0.007 -19"><span class='ocrx_word' id='word_1_29' title='bbox 426 1479 467 1538; x_wconf 88' lang='lat' dir='ltr'>Et</span> <span class='ocrx_word' id='word_1_30' title='bbox 479 1479 578 1539; x_wconf 91' lang='lat' dir='ltr'>homa</span> <span class='ocrx_word' id='word_1_31' title='bbox 591 1478 675 1539; x_wconf 91' lang='lat' dir='ltr'>dulci</span> <span class='ocrx_word' id='word_1_32' title='bbox 689 1477 761 1537; x_wconf 89' lang='lat' dir='ltr'>vina</span> <span class='ocrx_word' id='word_1_33' title='bbox 775 1497 919 1556; x_wconf 90' lang='lat' dir='ltr'>promens</span> <span class='ocrx_word' id='word_1_34' title='bbox 933 1478 1017 1541; x_wconf 91' lang='lat' dir='ltr'>dolio</span> 
     </span>
     <span class='ocr_line' id='line_1_10' title="bbox 466 1579 897 1658; baseline 0 -18"><span class='ocrx_word' id='word_1_35' title='bbox 466 1580 572 1658; x_wconf 90' lang='lat' dir='ltr'>Dapes</span> <span class='ocrx_word' id='word_1_36' title='bbox 586 1579 739 1657; x_wconf 87' lang='lat' dir='ltr'>inemptas</span> <span class='ocrx_word' id='word_1_37' title='bbox 754 1587 897 1656; x_wconf 88' lang='lat' dir='ltr'>apparet:</span> 
     </span>
    </p>

    <p class='ocr_par' dir='ltr' id='par_1_7' title="bbox 426 1678 1041 1859">
     <span class='ocr_line' id='line_1_11' title="bbox 426 1678 1041 1762; baseline 0.003 -23"><span class='ocrx_word' id='word_1_38' title='bbox 426 1681 499 1740; x_wconf 90' lang='lat' dir='ltr'>Non</span> <span class='ocrx_word' id='word_1_39' title='bbox 512 1698 562 1741; x_wconf 91' lang='lat' dir='ltr'>me</span> <span class='ocrx_word' id='word_1_40' title='bbox 577 1680 712 1741; x_wconf 89' lang='lat' dir='ltr'>Lucrina</span> <span class='ocrx_word' id='word_1_41' title='bbox 724 1678 858 1760; x_wconf 88' lang='lat' dir='ltr'>juverint</span> <span class='ocrx_word' id='word_1_42' title='bbox 871 1680 1041 1762; x_wconf 88' lang='lat' dir='ltr'>conchylia,</span> 
     </span>
     <span class='ocr_line' id='line_1_12' title="bbox 467 1781 947 1859; baseline 0.006 -19"><span class='ocrx_word' id='word_1_43' title='bbox 467 1781 608 1859; x_wconf 88' lang='lat' dir='ltr'>Magisve</span> <span class='ocrx_word' id='word_1_44' title='bbox 623 1781 779 1856; x_wconf 88' lang='lat' dir='ltr'>rhombus,</span> <span class='ocrx_word' id='word_1_45' title='bbox 794 1791 846 1842; x_wconf 90' lang='lat' dir='ltr'>aut</span> <span class='ocrx_word' id='word_1_46' title='bbox 860 1783 947 1858; x_wconf 88' lang='lat' dir='ltr'>scari,</span> 
     </span>
    </p>

    <p class='ocr_par' dir='ltr' id='par_1_8' title="bbox 427 1879 951 2060">
     <span class='ocr_line' id='line_1_13' title="bbox 427 1879 951 1958; baseline 0.011 -19"><span class='ocrx_word' id='word_1_47' title='bbox 427 1879 460 1940; x_wconf 90' lang='lat' dir='ltr'>Si</span> <span class='ocrx_word' id='word_1_48' title='bbox 474 1900 552 1958; x_wconf 92' lang='lat' dir='ltr'>quos</span> <span class='ocrx_word' id='word_1_49' title='bbox 566 1880 641 1943; x_wconf 90' lang='lat' dir='ltr'>Eois</span> <span class='ocrx_word' id='word_1_50' title='bbox 656 1882 795 1943; x_wconf 89' lang='lat' dir='ltr'>intonata</span> <span class='ocrx_word' id='word_1_51' title='bbox 809 1882 951 1945; x_wconf 89' lang='lat' dir='ltr'>fluctibus</span> 
     </span>
     <span class='ocr_line' id='line_1_14' title="bbox 468 1981 938 2060; baseline 0.006 -19"><span class='ocrx_word' id='word_1_52' title='bbox 468 1981 580 2042; x_wconf 89' lang='lat' dir='ltr'>Hiems</span> <span class='ocrx_word' id='word_1_53' title='bbox 594 1983 635 2042; x_wconf 87' lang='lat' dir='ltr'>ad</span> <span class='ocrx_word' id='word_1_54' title='bbox 649 1982 708 2044; x_wconf 91' lang='lat' dir='ltr'>hoc</span> <span class='ocrx_word' id='word_1_55' title='bbox 722 1993 821 2044; x_wconf 88' lang='lat' dir='ltr'>vertat</span> <span class='ocrx_word' id='word_1_56' title='bbox 833 2003 917 2044; x_wconf 89' lang='lat' dir='ltr'>mare</span> <span class='ocrx_word' id='word_1_57' title='bbox 928 2007 938 2060; x_wconf 87' lang='lat'>;</span> 
     </span>
    </p>

    <p class='ocr_par' dir='ltr' id='par_1_9' title="bbox 428 2081 1178 2261">
     <span class='ocr_line' id='line_1_15' title="bbox 428 2081 1178 2160; baseline 0.008 -20"><span class='ocrx_word' id='word_1_58' title='bbox 428 2081 500 2141; x_wconf 93' lang='lat' dir='ltr'>Non</span> <span class='ocrx_word' id='word_1_59' title='bbox 515 2082 590 2142; x_wconf 85' lang='lat' dir='ltr'>Afra</span> <span class='ocrx_word' id='word_1_60' title='bbox 608 2083 673 2144; x_wconf 89' lang='lat' dir='ltr'>avis</span> <span class='ocrx_word' id='word_1_61' title='bbox 688 2083 858 2144; x_wconf 81' lang='lat' dir='ltr'>descendat</span> <span class='ocrx_word' id='word_1_62' title='bbox 872 2085 903 2144; x_wconf 94' lang='lat' dir='ltr'>in</span> <span class='ocrx_word' id='word_1_63' title='bbox 917 2093 1053 2146; x_wconf 91' lang='lat' dir='ltr'>ventrem</span> <span class='ocrx_word' id='word_1_64' title='bbox 1068 2105 1178 2160; x_wconf 85' lang='lat' dir='ltr'>meum,</span> 
     </span>
     <span class='ocr_line' id='line_1_16' title="bbox 467 2182 837 2261; baseline 0.005 -20"><span class='ocrx_word' id='word_1_65' title='bbox 467 2182 539 2241; x_wconf 92' lang='lat' dir='ltr'>Non</span> <span class='ocrx_word' id='word_1_66' title='bbox 555 2191 679 2261; x_wconf 88' lang='lat' dir='ltr'>attagen</span> <span class='ocrx_word' id='word_1_67' title='bbox 694 2182 837 2244; x_wconf 84' lang='lat' dir='ltr'>Ionicus*</span> 
     </span>
    </p>

    <p class='ocr_par' dir='ltr' id='par_1_10' title="bbox 426 2282 1083 2455">
     <span class='ocr_line' id='line_1_17' title="bbox 426 2282 1083 2362; baseline 0.008 -22"><span class='ocrx_word' id='word_1_68' title='bbox 426 2282 604 2357; x_wconf 89' lang='lat' dir='ltr'>Jucundior,</span> <span class='ocrx_word' id='word_1_69' title='bbox 620 2301 712 2359; x_wconf 90' lang='lat' dir='ltr'>quam</span> <span class='ocrx_word' id='word_1_70' title='bbox 727 2283 809 2343; x_wconf 89' lang='lat' dir='ltr'>lecta</span> <span class='ocrx_word' id='word_1_71' title='bbox 823 2285 862 2343; x_wconf 92' lang='lat' dir='ltr'>de</span> <span class='ocrx_word' id='word_1_72' title='bbox 876 2284 1083 2362; x_wconf 82' lang='lat' dir='ltr'>pinguissimis</span> 
     </span>
     <span class='ocr_line' id='line_1_18' title="bbox 466 2380 830 2455; baseline -0.003 -14"><span class='ocrx_word' id='word_1_73' title='bbox 466 2380 558 2441; x_wconf 83' lang='lat' dir='ltr'>Oliva</span> <span class='ocrx_word' id='word_1_74' title='bbox 571 2382 665 2442; x_wconf 92' lang='lat' dir='ltr'>ramis</span> <span class='ocrx_word' id='word_1_75' title='bbox 679 2381 830 2455; x_wconf 88' lang='lat' dir='ltr'>arborum,</span> 
     </span>
    </p>

    <p class='ocr_par' dir='ltr' id='par_1_11' title="bbox 427 2480 1126 2658">
     <span class='ocr_line' id='line_1_19' title="bbox 427 2480 1126 2562; baseline 0.006 -23"><span class='ocrx_word' id='word_1_76' title='bbox 427 2481 491 2540; x_wconf 86' lang='lat' dir='ltr'>Aut</span> <span class='ocrx_word' id='word_1_77' title='bbox 504 2481 600 2541; x_wconf 90' lang='lat' dir='ltr'>herba</span> <span class='ocrx_word' id='word_1_78' title='bbox 613 2480 731 2558; x_wconf 87' lang='lat' dir='ltr'>lapathi</span> <span class='ocrx_word' id='word_1_79' title='bbox 744 2490 833 2558; x_wconf 87' lang='lat' dir='ltr'>prata</span> <span class='ocrx_word' id='word_1_80' title='bbox 844 2482 983 2556; x_wconf 86' lang='lat' dir='ltr'>amantis,</span> <span class='ocrx_word' id='word_1_81' title='bbox 998 2492 1029 2543; x_wconf 87' lang='lat' dir='ltr'>et</span> <span class='ocrx_word' id='word_1_82' title='bbox 1041 2483 1126 2562; x_wconf 85' lang='lat' dir='ltr'>gravi</span> 
     </span>
     <span class='ocr_line' id='line_1_20' title="bbox 468 2581 878 2658; baseline 0 -18"><span class='ocrx_word' id='word_1_83' title='bbox 468 2581 581 2640; x_wconf 89' lang='lat' dir='ltr'>Malvae</span> <span class='ocrx_word' id='word_1_84' title='bbox 596 2581 736 2642; x_wconf 88' lang='lat' dir='ltr'>salubres</span> <span class='ocrx_word' id='word_1_85' title='bbox 750 2581 878 2658; x_wconf 87' lang='lat' dir='ltr'>corpori,</span> 
     </span>
    </p>

    <p class='ocr_par' dir='ltr' id='par_1_12' title="bbox 427 2679 1025 2860">
     <span class='ocr_line' id='line_1_21' title="bbox 427 2679 1025 2760; baseline 0.01 -22"><span class='ocrx_word' id='word_1_86' title='bbox 427 2679 487 2739; x_wconf 90' lang='lat' dir='ltr'>Vel</span> <span class='ocrx_word' id='word_1_87' title='bbox 502 2699 583 2760; x_wconf 84' lang='lat' dir='ltr'>agna</span> <span class='ocrx_word' id='word_1_88' title='bbox 596 2681 682 2743; x_wconf 86' lang='lat' dir='ltr'>festis</span> <span class='ocrx_word' id='word_1_89' title='bbox 697 2700 778 2741; x_wconf 87' lang='lat' dir='ltr'>caesa</span> <span class='ocrx_word' id='word_1_90' title='bbox 791 2681 1025 2758; x_wconf 86' lang='lat' dir='ltr'>Terminalibus,</span> 
     </span>
     <span class='ocr_line' id='line_1_22' title="bbox 467 2781 880 2860; baseline 0.01 -22"><span class='ocrx_word' id='word_1_91' title='bbox 467 2781 527 2839; x_wconf 87' lang='lat' dir='ltr'>Vel</span> <span class='ocrx_word' id='word_1_92' title='bbox 541 2781 648 2842; x_wconf 85' lang='lat' dir='ltr'>haedus</span> <span class='ocrx_word' id='word_1_93' title='bbox 662 2790 785 2858; x_wconf 91' lang='lat' dir='ltr'>ereptus</span> <span class='ocrx_word' id='word_1_94' title='bbox 800 2781 880 2860; x_wconf 83' lang='lat' dir='ltr'>lupo.</span> 
     </span>
    </p>

    <p class='ocr_par' dir='ltr' id='par_1_13' title="bbox 428 2876 1072 3056">
     <span class='ocr_line' id='line_1_23' title="bbox 428 2876 1072 2959; baseline 0.006 -23"><span class='ocrx_word' id='word_1_95' title='bbox 428 2877 498 2938; x_wconf 88' lang='lat' dir='ltr'>Has</span> <span class='ocrx_word' id='word_1_96' title='bbox 512 2876 592 2938; x_wconf 89' lang='lat' dir='ltr'>inter</span> <span class='ocrx_word' id='word_1_97' title='bbox 605 2879 722 2955; x_wconf 88' lang='lat' dir='ltr'>epulas,</span> <span class='ocrx_word' id='word_1_98' title='bbox 737 2887 770 2938; x_wconf 89' lang='lat' dir='ltr'>ut</span> <span class='ocrx_word' id='word_1_99' title='bbox 781 2879 867 2959; x_wconf 90' lang='lat' dir='ltr'>juvat</span> <span class='ocrx_word' id='word_1_100' title='bbox 880 2888 985 2956; x_wconf 89' lang='lat' dir='ltr'>pastas</span> <span class='ocrx_word' id='word_1_101' title='bbox 999 2897 1072 2956; x_wconf 83' lang='lat' dir='ltr'>oves</span> 
     </span>
     <span class='ocr_line' id='line_1_24' title="bbox 466 2976 943 3056; baseline 0.008 -22"><span class='ocrx_word' id='word_1_102' title='bbox 466 2976 581 3036; x_wconf 89' lang='lat' dir='ltr'>Videre</span> <span class='ocrx_word' id='word_1_103' title='bbox 595 2986 795 3056; x_wconf 88' lang='lat' dir='ltr'>properantes</span> <span class='ocrx_word' id='word_1_104' title='bbox 809 2979 943 3053; x_wconf 90' lang='lat' dir='ltr'>domurn,</span> 
     </span>
    </p>

    <p class='ocr_par' dir='ltr' id='par_1_14' title="bbox 427 3075 1099 3256">
     <span class='ocr_line' id='line_1_25' title="bbox 427 3075 1099 3141; baseline 0.009 -7"><span class='ocrx_word' id='word_1_105' title='bbox 427 3075 542 3137; x_wconf 91' lang='lat' dir='ltr'>Videre</span> <span class='ocrx_word' id='word_1_106' title='bbox 555 3077 654 3139; x_wconf 87' lang='lat' dir='ltr'>sessos</span> <span class='ocrx_word' id='word_1_107' title='bbox 667 3096 822 3138; x_wconf 87' lang='lat' dir='ltr'>vomerem</span> <span class='ocrx_word' id='word_1_108' title='bbox 836 3079 989 3141; x_wconf 90' lang='lat' dir='ltr'>inversum</span> <span class='ocrx_word' id='word_1_109' title='bbox 1003 3079 1099 3140; x_wconf 87' lang='lat' dir='ltr'>boves</span> 
     </span>
     <span class='ocr_line' id='line_1_26' title="bbox 469 3176 898 3256; baseline 0.002 -19"><span class='ocrx_word' id='word_1_110' title='bbox 469 3176 559 3237; x_wconf 93' lang='lat' dir='ltr'>Collo</span> <span class='ocrx_word' id='word_1_111' title='bbox 573 3178 729 3237; x_wconf 89' lang='lat' dir='ltr'>trahentes</span> <span class='ocrx_word' id='word_1_112' title='bbox 743 3177 898 3256; x_wconf 86' lang='lat' dir='ltr'>languido,</span> 
     </span>
    </p>

    <p class='ocr_par' dir='ltr' id='par_1_15' title="bbox 429 3275 1125 3439">
     <span class='ocr_line' id='line_1_27' title="bbox 429 3275 1125 3352; baseline 0.006 -18"><span class='ocrx_word' id='word_1_113' title='bbox 429 3275 610 3352; x_wconf 88' lang='lat' dir='ltr'>Positosque</span> <span class='ocrx_word' id='word_1_114' title='bbox 623 3294 743 3350; x_wconf 90' lang='lat' dir='ltr'>vemas,</span> <span class='ocrx_word' id='word_1_115' title='bbox 757 3276 829 3337; x_wconf 92' lang='lat' dir='ltr'>ditis</span> <span class='ocrx_word' id='word_1_116' title='bbox 845 3295 973 3338; x_wconf 83' lang='lat' dir='ltr'>examen</span> <span class='ocrx_word' id='word_1_117' title='bbox 989 3277 1125 3352; x_wconf 87' lang='lat' dir='ltr'>domus,†</span> 
     </span>
     <span class='ocr_line' id='line_1_28' title="bbox 469 3371 929 3439; baseline 0 -2"><span class='ocrx_word' id='word_1_118' title='bbox 469 3376 592 3437; x_wconf 88' lang='lat' dir='ltr'>Circum</span> <span class='ocrx_word' id='word_1_119' title='bbox 607 3376 782 3437; x_wconf 89' lang='lat' dir='ltr'>renidentes</span> <span class='ocrx_word' id='word_1_120' title='bbox 797 3377 892 3439; x_wconf 87' lang='lat' dir='ltr'>Lares</span> <span class='ocrx_word' id='word_1_121' title='bbox 903 3371 929 3437; x_wconf 75' lang='lat'>!”</span> 
     </span>
    </p>

    <p class='ocr_par' dir='ltr' id='par_1_16' title="bbox 429 3476 1099 3655">
     <span class='ocr_line' id='line_1_29' title="bbox 429 3476 998 3552; baseline 0.004 -16"><span class='ocrx_word' id='word_1_122' title='bbox 429 3476 509 3536; x_wconf 85' lang='lat' dir='ltr'>Haec</span> <span class='ocrx_word' id='word_1_123' title='bbox 522 3476 575 3536; x_wconf 92' lang='lat' dir='ltr'>ubi</span> <span class='ocrx_word' id='word_1_124' title='bbox 589 3477 710 3537; x_wconf 89' lang='lat' dir='ltr'>locutus</span> <span class='ocrx_word' id='word_1_125' title='bbox 724 3476 877 3538; x_wconf 83' lang='lat' dir='ltr'>fenerator</span> <span class='ocrx_word' id='word_1_126' title='bbox 890 3477 998 3552; x_wconf 87' lang='lat' dir='ltr'>Alfius,</span> 
     </span>
     <span class='ocr_line' id='line_1_30' title="bbox 468 3571 1099 3655; baseline 0.008 -21"><span class='ocrx_word' id='word_1_127' title='bbox 468 3579 538 3652; x_wconf 87' lang='lat' dir='ltr'>Jam</span> <span class='ocrx_word' id='word_1_128' title='bbox 553 3577 617 3655; x_wconf 75' lang='lat' dir='ltr'>Jam</span> <span class='ocrx_word' id='word_1_129' title='bbox 632 3577 750 3637; x_wconf 79' lang='lat' dir='ltr'>futurus</span> <span class='ocrx_word' id='word_1_130' title='bbox 764 3578 903 3652; x_wconf 89' lang='lat' dir='ltr'>rusticus,</span> <span class='ocrx_word' id='word_1_131' title='bbox 1096 3571 1099 3576; x_wconf 73' lang='grc'><strong>’</strong></span> 
     </span>
    </p>

    <p class='ocr_par' dir='ltr' id='par_1_17' title="bbox 430 3675 1045 3856">
     <span class='ocr_line' id='line_1_31' title="bbox 430 3675 1045 3756; baseline 0.008 -22"><span class='ocrx_word' id='word_1_132' title='bbox 430 3675 563 3735; x_wconf 90' lang='lat' dir='ltr'>Omnem</span> <span class='ocrx_word' id='word_1_133' title='bbox 577 3675 695 3756; x_wconf 88' lang='lat' dir='ltr'>redegit</span> <span class='ocrx_word' id='word_1_134' title='bbox 710 3676 818 3738; x_wconf 87' lang='lat' dir='ltr'>Idibus</span> <span class='ocrx_word' id='word_1_135' title='bbox 832 3678 1045 3754; x_wconf 85' lang='lat' dir='ltr'>pecuniam,-</span> 
     </span>
     <span class='ocr_line' id='line_1_32' title="bbox 469 3775 915 3856; baseline 0.002 -19"><span class='ocrx_word' id='word_1_136' title='bbox 469 3775 588 3851; x_wconf 73' lang='lat' dir='ltr'>Quaerit</span> <span class='ocrx_word' id='word_1_137' title='bbox 604 3776 759 3837; x_wconf 88' lang='lat' dir='ltr'>Kalendis</span> <span class='ocrx_word' id='word_1_138' title='bbox 772 3781 915 3856; x_wconf 83' lang='lat' dir='ltr'>ponere.‡</span> 
     </span>
    </p>
   </div>
   <div class='ocr_carea' id='block_1_4' title="bbox 270 3985 1342 4354">
    <p class='ocr_par' dir='ltr' id='par_1_18' title="bbox 270 3985 1342 4354">
     <span class='ocr_line' id='line_1_33' title="bbox 307 3985 1342 4052; baseline 0.005 -15"><span class='ocrx_word' id='word_1_139' title='bbox 307 3985 431 4052; x_wconf 73' lang='lat' dir='ltr'>gethered</span> <span class='ocrx_word' id='word_1_140' title='bbox 447 3993 472 4036; x_wconf 80' lang='lat' dir='ltr'>at</span> <span class='ocrx_word' id='word_1_141' title='bbox 488 3996 584 4052; x_wconf 86' lang='lat' dir='ltr'>supper</span> <span class='ocrx_word' id='word_1_142' title='bbox 600 3987 683 4038; x_wconf 89' lang='lat' dir='ltr'>round</span> <span class='ocrx_word' id='word_1_143' title='bbox 700 3987 743 4038; x_wconf 89' lang='lat' dir='ltr'>the</span> <span class='ocrx_word' id='word_1_144' title='bbox 760 3989 988 4040; x_wconf 71' lang='lat' dir='ltr'>Lares-Cosam</span> <span class='ocrx_word' id='word_1_145' title='bbox 1000 3989 1033 4038; x_wconf 86' lang='lat' dir='ltr'>xi.</span> <span class='ocrx_word' id='word_1_146' title='bbox 1049 4003 1069 4050; x_wconf 87' lang='lat' dir='ltr'>r,</span> <span class='ocrx_word' id='word_1_147' title='bbox 1084 4002 1119 4052; x_wconf 86' lang='lat'>19.</span> <span class='ocrx_word' id='word_1_148' title='bbox 1160 3993 1175 4018; x_wconf 83' lang='lat'>‘¹</span> <span class='ocrx_word' id='word_1_149' title='bbox 1182 3991 1239 4041; x_wconf 86' lang='lat' dir='ltr'>The</span> <span class='ocrx_word' id='word_1_150' title='bbox 1255 3991 1342 4043; x_wconf 92' lang='lat' dir='ltr'>home·</span> 
     </span>
     <span class='ocr_line' id='line_1_34' title="bbox 307 4062 1342 4133; baseline 0.005 -19"><span class='ocrx_word' id='word_1_151' title='bbox 307 4062 371 4114; x_wconf 90' lang='lat' dir='ltr'>born</span> <span class='ocrx_word' id='word_1_152' title='bbox 382 4065 466 4114; x_wconf 81' lang='lat' dir='ltr'>slaves</span> <span class='ocrx_word' id='word_1_153' title='bbox 477 4065 570 4114; x_wconf 90' lang='lat' dir='ltr'>cluster</span> <span class='ocrx_word' id='word_1_154' title='bbox 581 4064 666 4115; x_wconf 90' lang='lat' dir='ltr'>round</span> <span class='ocrx_word' id='word_1_155' title='bbox 676 4064 720 4114; x_wconf 86' lang='lat' dir='ltr'>the</span> <span class='ocrx_word' id='word_1_156' title='bbox 731 4073 832 4126; x_wconf 82' lang='lat' dir='ltr'>master,</span> <span class='ocrx_word' id='word_1_157' title='bbox 844 4081 873 4116; x_wconf 87' lang='lat' dir='ltr'>as</span> <span class='ocrx_word' id='word_1_158' title='bbox 889 4067 933 4116; x_wconf 88' lang='lat' dir='ltr'>the</span> <span class='ocrx_word' id='word_1_159' title='bbox 945 4065 1006 4116; x_wconf 84' lang='lat' dir='ltr'>bees</span> <span class='ocrx_word' id='word_1_160' title='bbox 1016 4066 1099 4116; x_wconf 88' lang='lat' dir='ltr'>round</span> <span class='ocrx_word' id='word_1_161' title='bbox 1116 4066 1159 4117; x_wconf 91' lang='lat' dir='ltr'>the</span> <span class='ocrx_word' id='word_1_162' title='bbox 1175 4067 1342 4133; x_wconf 87' lang='lat' dir='ltr'>queen-bee.‘’</span> 
     </span>
     <span class='ocr_line' id='line_1_35' title="bbox 270 4141 1081 4287; baseline 0.005 -25"><span class='ocrx_word' id='word_1_163' title='bbox 270 4248 273 4255; x_wconf 83' lang='lat'>.</span> <span class='ocrx_word' id='word_1_164' title='bbox 306 4141 454 4276; x_wconf 37' lang='lat' dir='ltr'>..Illum</span> <span class='ocrx_word' id='word_1_165' title='bbox 551 4213 686 4265; x_wconf 87' lang='lat' dir='ltr'>“Omnem</span> <span class='ocrx_word' id='word_1_166' title='bbox 697 4214 794 4287; x_wconf 83' lang='lat' dir='ltr'>redegit</span> <span class='ocrx_word' id='word_1_167' title='bbox 806 4215 895 4268; x_wconf 81' lang='lat' dir='ltr'>Idrbus</span> <span class='ocrx_word' id='word_1_168' title='bbox 906 4215 1081 4281; x_wconf 81' lang='lat' dir='ltr'>pecuniam,-</span> 
     </span>
     <span class='ocr_line' id='line_1_36' title="bbox 552 4288 990 4354; baseline 0.011 -17"><span class='ocrx_word' id='word_1_169' title='bbox 552 4307 556 4316; x_wconf 93' lang='lat'>·</span> <span class='ocrx_word' id='word_1_170' title='bbox 621 4288 722 4352; x_wconf 86' lang='lat' dir='ltr'>Quaerit</span> <span class='ocrx_word' id='word_1_171' title='bbox 734 4289 858 4344; x_wconf 84' lang='lat' dir='ltr'>Kalendis</span> <span class='ocrx_word' id='word_1_172' title='bbox 869 4292 990 4354; x_wconf 78' lang='lat' dir='ltr'>ponere”</span> 
     </span>
    </p>
   </div>
   <div class='ocr_carea' id='block_1_5' title="bbox 308 4384 1172 4453">
    <p class='ocr_par' dir='ltr' id='par_1_19' title="bbox 308 4384 1172 4453">
     <span class='ocr_line' id='line_1_37' title="bbox 308 4384 1172 4453; baseline 0.005 -17"><span class='ocrx_word' id='word_1_173' title='bbox 308 4385 365 4436; x_wconf 84' lang='lat' dir='ltr'>The</span> <span class='ocrx_word' id='word_1_174' title='bbox 375 4385 438 4445; x_wconf 83' lang='lat' dir='ltr'>ides,</span> <span class='ocrx_word' id='word_1_175' title='bbox 447 4399 536 4444; x_wconf 75' lang='lat' dir='ltr'>nones,</span> <span class='ocrx_word' id='word_1_176' title='bbox 545 4384 596 4435; x_wconf 84' lang='lat' dir='ltr'>aud</span> <span class='ocrx_word' id='word_1_177' title='bbox 607 4385 715 4437; x_wconf 87' lang='lat' dir='ltr'>kalends</span> <span class='ocrx_word' id='word_1_178' title='bbox 727 4401 792 4436; x_wconf 84' lang='lat' dir='ltr'>were</span> <span class='ocrx_word' id='word_1_179' title='bbox 803 4386 847 4437; x_wconf 90' lang='lat' dir='ltr'>the</span> <span class='ocrx_word' id='word_1_180' title='bbox 857 4387 962 4453; x_wconf 81' lang='lat' dir='ltr'>settling</span> <span class='ocrx_word' id='word_1_181' title='bbox 973 4387 1035 4452; x_wconf 85' lang='lat' dir='ltr'>days</span> <span class='ocrx_word' id='word_1_182' title='bbox 1047 4387 1076 4437; x_wconf 85' lang='lat' dir='ltr'>ol</span> <span class='ocrx_word' id='word_1_183' title='bbox 1083 4388 1172 4448; x_wconf 85' lang='lat' dir='ltr'>Rome.</span> 
     </span>
    </p>
   </div>
   <div class='ocr_carea' id='block_1_6' title="bbox 0 0 1709 4950">
    <p class='ocr_par' dir='ltr' id='par_1_20' title="bbox 0 0 1709 4950">
     <span class='ocr_line' id='line_1_38' title="bbox 0 0 1709 4950; baseline 0 0"><span class='ocrx_word' id='word_1_184' title='bbox 0 0 1709 4950; x_wconf 95' lang='lat' dir='ltr'> </span> 
     </span>
    </p>
   </div>
  </div>
 </body>
</html>
