3398 4950
734 680 864 779 Epode
880 682 937 755 ll.

438 863 501 920 Aut
515 860 546 920 in
561 859 688 920 reducta
700 859 781 920 valle
794 860 994 938 mugientium

478 961 658 1038 Prospectat
672 971 808 1021 errantes
821 977 931 1038 greges
942 982 952 1035 ;

439 1059 628 1138 Inutilesque
641 1060 720 1120 falce
734 1078 836 1119 ramos
850 1069 1013 1136 amputans

479 1159 643 1220 Feliciores
658 1158 765 1219 inserit
776 1179 786 1233 3

438 1262 502 1319 Aut
515 1277 621 1337 pressa
633 1257 718 1336 puris
732 1257 827 1318 mella
839 1259 947 1320 condit
961 1262 1134 1341 amphoris;

478 1361 541 1419 Aut
555 1358 663 1418 tondet
677 1358 813 1419 infirmas
826 1377 901 1422 oves
913 1359 941 1437 ᾖ*

437 1460 506 1534 Vel,
517 1477 586 1518 cum
601 1460 746 1520 decorum
760 1461 885 1522 mitibus
899 1463 1000 1540 pomis
1014 1475 1106 1544 caput

478 1563 671 1621 Auctumnus
686 1560 767 1640 agris
781 1561 899 1636 extulit,
1066 1557 1071 1566 '

438 1661 484 1722 Ut
495 1662 610 1740 gaudet
623 1661 746 1723 insitiva
760 1662 931 1741 decerpens
944 1663 1012 1742 pira

480 1763 656 1824 Certantem
672 1772 704 1825 et
716 1783 808 1824 uvam
823 1783 973 1842 purpurae,

438 1862 509 1938 Qua
522 1874 697 1925 muneretur
711 1877 751 1940 te,
762 1866 882 1945 Priape,
897 1876 929 1927 et
943 1875 982 1941 te,
994 1846 1092 1944 pater

481 1963 612 2039 silvane,
623 1974 703 2027 tutor
717 1966 824 2026 linium
837 1966 864 2037 l†

440 2062 530 2125 Libet
541 2066 654 2144 jacere,
666 2067 758 2126 modo
773 2067 831 2128 sub
846 2066 972 2144 antiqua
985 2067 1064 2140 ilice,
1153 2131 1156 2139 ,

481 2165 579 2226 Modo
593 2166 625 2238 in
641 2167 743 2227 tenaci
756 2167 904 2246 gramine.

440 2264 599 2325 Labuntur
613 2266 682 2326 altis
697 2266 817 2326 interim
833 2267 908 2344 ripis
923 2284 1019 2344 aquae,

370 2383 374 2391 ·
481 2363 657 2437 Queruntur
671 2364 703 2423 in
718 2364 802 2425 silvis
817 2382 909 2438 aves,

442 2462 617 2540 Fontesque
632 2463 765 2542 lymphis
781 2463 963 2541 obstrepunt
978 2463 1182 2537 manantibuS,

482 2563 613 2624 Somnos
627 2563 711 2642 quod
726 2562 833 2623 invitet
846 2563 939 2624 leves.

442 2664 485 2722 At
497 2682 567 2723 cum
580 2663 733 2724 Tonantis
748 2682 848 2724 annus
862 2663 1008 2723 hibernus
1021 2662 1107 2740 Jovis

483 2763 602 2824 Imbres
616 2763 764 2841 nivesque
778 2768 947 2842 comparat,

441 2865 505 2924 Aut
520 2864 615 2924 trudit
631 2882 718 2925 acres
731 2864 805 2924 hinc
819 2873 851 2923 et
863 2863 936 2924 hinc
950 2862 1045 2923 multa
1059 2879 1137 2922 cane

482 2966 584 3042 Apros
599 2963 631 3023 in
649 2964 808 3024 obstantes
822 2963 953 3042 plagas,

442 3064 506 3122 Aut
519 3063 612 3122 amite
627 3063 687 3123 levi
701 3081 770 3123 rara
783 3062 884 3122 tendit
897 3061 982 3134 retia,

481 3162 595 3223 Turdis
609 3157 757 3222 edacibus
772 3161 861 3222 dolos
872 3183 882 3236 ς

443 3261 652 3338 Pavidumque
665 3261 802 3338 leporem
817 3269 848 3320 et
862 3260 1013 3320 advenam
1028 3260 1138 3337 laqueo
1152 3278 1258 3338 gruem

482 3361 624 3438 Jucunda
637 3370 741 3438 captat
754 3359 889 3438 praemia.

443 3459 520 3534 Quis
534 3480 596 3521 non
609 3461 768 3534 malarum,
780 3479 858 3538 quas
873 3478 959 3520 amor
972 3477 1062 3519 curas
1075 3458 1177 3532 habet,

484 3563 562 3621 Haec
577 3561 657 3622 inter
671 3560 881 3621 obliviscitur?

443 3660 536 3735 Quod
550 3662 576 3722 si
590 3662 704 3740 pudica
717 3660 827 3721 mulier
840 3661 873 3720 in
887 3671 1005 3738 partem
1017 3659 1103 3740 juvet

484 3763 617 3822 Domum
633 3770 724 3839 atque
738 3761 846 3842 dulces
860 3760 983 3834 liberos,

362 4037 407 4090 l“
416 4037 491 4088 Pater
520 4036 630 4098 Silvane,
658 4044 728 4088 tutor
755 4036 869 4087 finium.”
922 4036 1049 4096 Silvanus,
1072 4035 1160 4087 whose
1187 4051 1259 4086 more
1288 4039 1360 4087 usual

323 4111 442 4164 attribute
463 4114 486 4164 is
507 4112 551 4164 the
570 4128 629 4164 care
651 4113 681 4163 of
701 4113 848 4164 com-lields
871 4113 922 4163 and
944 4114 1028 4174 cattle,
1048 4113 1071 4162 is
1093 4111 1154 4163 here
1172 4113 1248 4164 made
1271 4119 1298 4163 to
1315 4129 1360 4162 un·

323 4189 428 4313 ssmlfe
453 4190 496 4241 the
519 4189 663 4255 protection
687 4189 717 4240 ol
739 4189 902 4252 boundaries,
925 4188 1008 4240 which
1034 4190 1155 4256 properly
1179 4189 1307 4256 belonged
1334 4197 1361 4239 to

348 4279 465 4315 ernanus.
841 4297 843 4303 ,
920 4307 922 4312 .
