3412 5114
597 680 703 755 Book
718 679 927 752 lle-Ode
943 681 1019 754 XI.

497 865 660 926 Sordidum
674 862 804 924 flammae
819 862 974 940 trepidant
987 874 1122 934 rotantes

588 965 713 1025 Vertice
727 959 873 1024 fumum.i

495 1169 542 1229 Ut
555 1177 658 1228 tamen
673 1166 764 1239 noris,
776 1163 887 1242 quibus
902 1165 1062 1229 advoceris

497 1267 633 1340 Gaudfis,
644 1265 719 1326 Idus
733 1264 789 1324 tibi
803 1275 875 1324 sunt
889 1266 1027 1356 ugendae,

497 1366 559 1442 Qui
573 1366 640 1426 dies
654 1382 791 1424 mensem
806 1365 936 1426 Veneris
951 1369 1075 1430 mariuae

590 1465 694 1526 Findit
708 1464 844 1543 Aprilem
856 1488 865 1541 ;

496 1673 569 1749 Jure
583 1670 740 1734 sollemnis
756 1668 839 1743 mihi,
851 1667 1055 1748 sanctiorque,

498 1776 590 1834 Paene
604 1773 699 1834 natali
713 1771 845 1851 proprio,
857 1770 941 1849 quod
956 1787 994 1830 ex
1007 1772 1066 1832 hac

499 1874 582 1935 Luce
597 1875 755 1934 Maecenas
768 1891 856 1933 meus
871 1870 1042 1933 adfluentes

592 1975 724 2036 Ordinat
738 1992 845 2035 annos.

499 2181 678 2260 Telephum,
689 2199 779 2257 quem
794 2191 827 2240 tu
841 2181 930 2258 petis,
942 2180 1111 2259 occupavit,

500 2280 572 2339 Non
587 2290 646 2339 tuae
660 2280 749 2339 sortis
761 2280 916 2358 juvenem,
926 2279 1031 2356 puella

500 2377 595 2436 Dives
609 2387 640 2437 et
653 2377 775 2449 lasciva,
787 2386 930 2452 tenetque
945 2387 1031 2454 grata

595 2471 753 2552 Compede
767 2475 912 2534 vinctum.

499 2680 607 2740 Terret
621 2679 778 2740 ambustus
793 2679 954 2740 Phaethon
970 2698 1077 2740 avaras

503 2779 580 2856 Spes
592 2802 601 2854 3
622 2789 653 2838 et
667 2780 837 2856 exemplum
852 2797 945 2858 grave
962 2781 1078 2857 praebet
1092 2779 1156 2840 ales

502 2880 647 2958 Pegasus,
658 2889 809 2939 terrenum
825 2879 958 2957 equitem
973 2888 1117 2958 gravatus

596 2978 862 3057 Bellerophontem
871 3002 880 3055 ;

503 3181 631 3270 Semper
645 3191 677 3240 ut
691 3190 722 3241 te
736 3181 829 3259 digna
844 3200 982 3260 sequare,
994 3192 1026 3242 et
1038 3183 1118 3242 ultra

503 3279 604 3354 Quam
619 3280 692 3340 licet
707 3299 829 3357 sperare
845 3281 932 3342 nefas
946 3281 1084 3359 putando

503 3379 665 3458 Disparem
681 3380 766 3440 vites.
810 3383 878 3460 Age
891 3381 965 3460 jam,
977 3397 1113 3440 meorum

598 3480 682 3541 Finis
697 3499 843 3554 amorum,

504 3679 576 3738 Non
590 3678 672 3739 enim
687 3680 815 3756 posthac
831 3680 891 3739 alia
906 3679 1015 3740 calebo

504 3779 828 3853 Femina-condisce
842 3779 962 3854 modos,
974 3779 1106 3840 amanda

503 3879 589 3938 Voce
603 3897 681 3955 quos
695 3879 806 3939 reddas
818 3900 828 3953 3
849 3879 1023 3939 minuentur
1037 3887 1110 3939 atrae

598 3977 740 4039 Carmine
755 3997 843 4040 curae.

1253 709 1326 780 4²9
