3386 5000
625 709 730 781 Book
745 708 851 781 IL-
857 709 935 783 Ode
955 713 996 786 V.

727 1086 834 1146 Crem.
854 1088 892 1146 V.

494 1269 639 1330 Nondum
655 1267 784 1329 subacta
797 1269 876 1330 serre
887 1270 994 1350 jugum
1009 1271 1091 1334 valet

494 1369 629 1443 Cervice‚
645 1368 783 1428 nondum
797 1369 904 1429 munia
920 1372 1073 1451 comparis

532 1471 679 1547 AEquare,
695 1487 752 1528 nec
767 1469 844 1528 tauri
858 1471 976 1530 ruentis

573 1571 611 1629 In
624 1587 768 1630 venerem
784 1569 914 1630 tolerare
928 1571 1060 1649 pondus.

492 1775 582 1836 Circa
595 1774 728 1836 virentes
743 1783 792 1836 est
809 1774 930 1836 animus
944 1783 1005 1837 tuae

492 1877 627 1954 Campos
638 1877 785 1956 juvencae‚
802 1895 885 1937 nunc
898 1875 1000 1938 fluviis
1013 1897 1135 1957 gravem

531 1976 667 2038 Solantis
681 1985 800 2051 aestum,
817 1996 899 2038 nunc
914 1977 945 2037 in
960 1978 1023 2038 udo

570 2076 690 2136 Ludere
704 2095 774 2136 cum
789 2076 893 2137 vitulis
909 2077 1019 2138 salicto

491 2275 725 2351 Praegestientis.
768 2276 859 2334 Tolle
874 2277 1050 2353 cupidinem

389 2443 399 2462 .
491 2371 621 2430 Immitis
635 2391 722 2432 uvae:
741 2371 804 2450 jam
819 2374 875 2433 tibi
891 2374 1002 2435 lividos
1042 2453 1044 2458 Ι
1072 2368 1075 2375 ’

530 2470 706 2558 Distingrret
722 2473 914 2532 Auctumnus
928 2491 1068 2533 racemos

570 2571 726 2648 Purpureo
740 2571 840 2655 varius
855 2572 966 2632 colore.

416 2797 421 2805 ·
487 2773 555 2848 Jam
570 2782 600 2832 te
615 2782 779 2849 sequetur:
801 2773 894 2833 currit
908 2774 989 2856 enim
1004 2774 1091 2835 ferox

488 2875 588 2944 AEtas‚
603 2883 635 2932 et
648 2871 700 2945 illi,
716 2891 793 2949 quos
809 2873 864 2932 tibi
880 2873 1057 2951 dempserit,

530 2976 677 3049 Apponet
692 2991 790 3033 annos
804 2995 813 3047 ;
831 2974 895 3052 jam
910 2983 1058 3051 proterve

569 3073 683 3164 Frente
697 3081 782 3148 petet
797 3073 914 3151 Lalage
928 3073 1068 3134 m'aritum
1083 3097 1090 3132 :

426 3325 430 3333 .
488 3271 617 3343 Dilecta,
633 3281 781 3347 quantum
797 3291 860 3332 non
877 3274 994 3333 Pholoe
1009 3272 1109 3352 fugax,

488 3371 561 3429 Non
576 3370 699 3430 Chloris
714 3370 785 3430 albo
800 3371 845 3430 sic
859 3371 986 3431 humero
1002 3373 1112 3446 nitens,

528 3470 573 3530 Ut
587 3489 663 3547 pura
676 3479 827 3530 nocturno
841 3470 962 3552 renidet

568 3569 657 3630 Luna
670 3568 755 3643 mari,
771 3569 940 3630 Cnidiusve
955 3571 1067 3650 Gyges.

786 3666 824 3727 gr
