3412 5114
568 710 673 786 Book
688 708 901 781 Ill-Ode
917 709 1079 783 XXIX.

552 889 694 951 Clamore
708 885 877 962 vicinaeque
891 885 984 959 silvae,

592 989 671 1050 Cum
686 985 750 1046 fera
763 984 893 1044 diluvies
908 984 1026 1061 quietos
1054 1005 1058 1016 ·

511 1151 614 1212 Irritat
628 1166 743 1210 amnes.
787 1145 845 1206 Ille
860 1154 971 1223 potens
985 1146 1031 1207 sui

511 1253 673 1328 Laetusque
688 1237 787 1327 deget,
799 1245 847 1308 cui
862 1246 934 1307 licet
947 1247 979 1306 in
993 1247 1073 1309 diem

553 1350 676 1411 Dixisse
689 1347 761 1407 Vixi
774 1343 799 1408 :¹l
814 1366 882 1408 eras
895 1349 945 1408 vel
960 1357 1026 1409 atra

593 1450 683 1510 Nube
697 1449 802 1526 polum
817 1449 910 1508 Pater
922 1459 1080 1528 occupato,

512 1612 572 1671 Vel
587 1610 650 1672 sole
664 1629 741 1688 puro
754 1632 763 1684 3
784 1628 848 1670 non
863 1618 965 1670 tamen
979 1609 1093 1670 irritum

514 1714 726 1790 Quodcunque
740 1722 821 1774 retro
836 1721 892 1787 est,
904 1710 1021 1786 efficiet,
1034 1730 1131 1789 neque

505 1873 512 1888 ,
555 1814 701 1893 Diffinget
715 1813 922 1891 inlectumque
936 1813 1051 1887 reddet,

595 1915 686 1988 Quod
701 1914 820 1993 fugiens
835 1915 929 1974 semel
944 1915 1019 1974 hora
1032 1913 1120 1974 vexit.

515 2078 649 2136 Fortuna
662 2095 742 2138 saevo
757 2077 827 2138 laeta
841 2078 971 2155 negotio,
983 2087 1014 2137 et

485 2160 497 2174 ⁵
515 2177 635 2236 Ludum
650 2163 833 2236 insolentem
848 2178 951 2237 ludere
965 2177 1112 2253 pertinax,

555 2276 752 2335 Transmutat
766 2277 900 2334 incertos
914 2276 1054 2349 honores,

596 2376 687 2432 Nunc
702 2373 784 2446 mihi,
796 2392 878 2432 nunc
892 2373 943 2432 alii
957 2374 1098 2450 benigna.

517 2529 624 2589 Laudo
639 2539 812 2592 manentem
824 2530 851 2604 ;†
867 2531 893 2591 si
907 2530 1021 2591 celeres
1035 2531 1132 2607 quatit

517 2631 648 2705 Pennas,
658 2630 779 2708 resigno
795 2649 862 2707 quae
876 2630 970 2705 dedit,
980 2642 1011 2691 et
1024 2649 1093 2690 mea

556 2731 676 2790 Virtute
689 2749 739 2790 me
754 2731 876 2790 involvo
890 2731 1078 2808 probamque

600 2831 779 2907 Pauperiem
794 2831 860 2890 sine
875 2832 947 2891 dote
962 2849 1071 2908 quaero.

519 2991 591 3049 Non
605 2999 652 3050 est
666 3008 775 3064 meum,
787 2989 814 3049 si
829 2990 943 3069 mugiat
957 2990 1067 3050 Africis

520 3088 623 3148 Malus
636 3089 786 3166 procellis,
798 3089 837 3148 ad
850 3089 978 3151 miseras
991 3109 1098 3169 preces

561 3190 746 3262 Decurrere;
767 3197 798 3248 et
811 3189 890 3249 votis
905 3190 1027 3267 pacisci,

601 3291 649 3348 Ne
665 3288 785 3367 Cypriae
800 3289 959 3368 Tyriaeque
973 3309 1088 3350 merces

407 3435 411 3443 ’
521 3447 647 3507 Addunt
661 3465 752 3508 avaro
766 3446 889 3508 divitias
903 3448 995 3508 mari:

520 3546 610 3606 Tunc
620 3563 679 3621 me,
688 3546 812 3607 biremis
826 3547 968 3624 praesidio
981 3548 1120 3625 scaphaess

561 3647 684 3720 Tutum,
695 3665 750 3723 per
765 3649 890 3726 AEgaeos
905 3649 1050 3708 tumultus

603 3749 687 3807 Aura
700 3748 777 3808 feret
790 3749 988 3827 geminusque
1003 3747 1119 3829 Polluit.

322 3926 352 3976 ol
364 3927 407 3975 the
423 3926 484 3977 time
501 3927 531 3977 os
543 3927 710 3988 Commodus,
722 3927 851 3978 inscribed
870 3927 1013 3977 “Fortunae
1035 3925 1175 3985 Manenti,”
1191 3926 1217 3977 in
1236 3927 1317 3978 which
1335 3944 1351 3976 a

321 4014 421 4049 woman
431 3998 454 4049 is
465 4001 628 4064 represented
644 4003 725 4051 seared
733 4002 839 4065 holding
850 4016 866 4051 a
877 4001 952 4050 horse
963 3999 996 4068 by
1007 3999 1050 4050 the
1064 3999 1145 4050 muer
1156 3999 1217 4050 with
1228 4000 1273 4050 her
1284 4000 1350 4064 right

322 4071 449 4123 hand-in
460 4074 506 4124 her
521 4075 565 4125 lest
576 4091 592 4125 a
603 4074 763 4138 comueopin
798 4075 812 4124 1
823 4074 889 4125 haue
906 4074 1005 4125 availed
1018 4073 1110 4138 mysell
1123 4075 1153 4129 ol
1166 4075 1217 4125 this
1233 4076 1314 4140 image
1325 4075 1352 4124 in

322 4148 471 4213 translating
482 4153 498 4176 “
505 4149 674 4214 manentem’'

363 4223 376 4282 1
392 4223 522 4274 “Biremis
538 4224 666 4288 scaphae‚¹'
678 4239 694 4272 a
710 4222 850 4273 hro-osred
866 4221 935 4282 boat,
947 4221 1031 4272 rowed
1048 4221 1082 4289 by
1100 4237 1115 4272 a
1132 4223 1213 4286 single
1233 4237 1353 4273 rouen-

273 4332 276 4338 .
324 4296 436 4347 onerer.

823 4373 859 4430 16
