3496 4954
637 681 743 753 Book
759 677 924 752 L—Ode
940 677 1126 753 XXVII.

749 1013 855 1074 Curru.
878 1011 1015 1071 XXVII.

524 1195 555 1254 N
556 1190 632 1254 atis*
646 1190 679 1250 in
693 1209 782 1251 usum
796 1187 909 1250 laetitiae
924 1189 1048 1268 scyphis

525 1294 666 1371 Pugnare
680 1291 835 1350 Thracum
850 1297 916 1350 est:
937 1287 1034 1348 tollite
1047 1287 1214 1349 barbarum¹
1273 1313 1277 1321 ·

564 1393 696 1464 Morem,
707 1389 977 1466 verecundumque
992 1388 1147 1448 Bacchum

604 1488 787 1568 Sanguineis
801 1488 962 1567 prohibete
976 1487 1066 1548 rixisr

523 1689 605 1750 Vino
618 1699 650 1750 et
664 1689 796 1752 lucernis
811 1689 925 1750 Medus
939 1687 1083 1750 acinaces

524 1793 663 1852 Immane
678 1801 827 1870 quantum
840 1790 1013 1867 discrepat:
1035 1787 1160 1868 impium

563 1893 672 1953 Lenite
687 1893 863 1965 clamorem,
872 1890 1006 1965 sodales,

605 1993 645 2053 Et
658 1992 762 2055 cubito
777 2000 933 2054 remanete
947 1995 1073 2070 presso!

521 2188 624 2249 Voltis
638 2191 734 2250 severi
749 2209 799 2251 me
814 2209 937 2268 quoque
951 2208 1072 2251 sumere

523 2289 645 2347 Partem
661 2289 803 2348 Falerni?
844 2289 937 2348 DIcat
951 2287 1096 2364 Opuntiae

563 2389 671 2447 Frater
685 2387 830 2465 Megillae,
840 2405 902 2464 quo
915 2387 1025 2446 beatus

530 2547 534 2553 ,
600 2485 747 2561 Vulnere,
755 2505 817 2564 qua
831 2495 937 2564 pereat
950 2485 1070 2565 sagitta

521 2685 633 2746 Cessat
645 2685 808 2748 voluntas?
849 2689 921 2749 Non
936 2686 997 2748 alia
1011 2686 1115 2748 bibam

522 2785 677 2848 Mercede.
720 2786 798 2862 Quae
813 2797 843 2848 te
857 2805 978 2865 cunque
993 2788 1099 2850 domat
1112 2788 1227 2864 Venus,

561 2886 634 2946 Non
648 2886 867 2948 erubescendis
882 2887 984 2947 adurit
1054 2923 1057 2929 -

603 2986 739 3064 Ignibus,
751 2987 945 3065 ingenuoque
960 3006 1082 3067 semper

521 3187 635 3247 Amore
649 3205 771 3264 peccas.
813 3187 973 3265 Quidquid
987 3183 1092 3263 habes,
1103 3209 1167 3268 age,

522 3285 652 3363 Depone
666 3285 740 3346 tutis
754 3286 886 3348 auribus.
929 3289 980 3348 Ah
995 3289 1096 3362 miser,

561 3385 687 3458 Quanta
700 3385 864 3448 laborabas
880 3387 1047 3468 Charybdi,

601 3483 703 3564 Digne
717 3504 794 3564 puer
807 3487 933 3548 meliore
948 3486 1092 3547 flamma!

522 3684 599 3759 Quae
613 3703 697 3763 saga,
706 3686 775 3763 quis
790 3695 820 3747 te
834 3687 952 3749 solvere
966 3689 1125 3750 Thessalis

522 3787 635 3865 Magus
648 3787 784 3863 venenis,
796 3787 865 3866 quis
878 3789 990 3867 poterit
1003 3789 1080 3850 deus
1089 3779 1107 3851 ἴ

560 3887 622 3946 Vix
636 3887 783 3967 illigatum
798 3899 828 3949 te
842 3890 970 3952 triformi

602 3989 739 4068 Pegasus
753 3990 896 4074 expediet
910 3989 1071 4052 Chimaera.

1329 703 1397 774 127
