3386 5000
580 679 686 751 Book
700 679 891 751 IL-Ode
904 682 1028 756 XIII.
1247 711 1319 780 209

447 858 548 931 Quam
562 874 650 932 poene
664 855 758 913 sum
774 874 869 932 regna
884 857 1084 937 Proserpina,

447 956 487 1013 Et
496 955 685 1032 judicantem
699 953 831 1012 uidimus
844 955 985 1030 AEacum,

489 1055 646 1128 Sedesque
660 1051 809 1112 discretas
823 1053 951 1129 piorum,
962 1067 994 1115 et

526 1153 638 1212 AEoliis
651 1153 765 1212 fidibus
779 1163 956 1230 querentem

448 1357 573 1433 Sappho
586 1356 696 1433 puellis
709 1357 749 1416 de
763 1357 960 1434 popularibus
970 1357 998 1434 ,³

448 1457 489 1517 Et
503 1467 533 1516 te
547 1466 709 1517 sonantem
723 1458 844 1534 plenius
859 1477 960 1531 auten,

488 1557 602 1630 Aloee,
614 1558 731 1636 plectro
744 1559 823 1618 dura
836 1559 933 1632 navis,

528 1660 615 1719 Dura
629 1658 708 1738 fugae
722 1659 813 1733 mala,
824 1659 901 1719 dura
914 1659 987 1720 belli
999 1663 1007 1719 l

450 1861 622 1939 Utrumque
635 1880 723 1922 sacro
737 1861 832 1941 digna
845 1861 969 1923 silentio

449 1961 600 2022 Mirantur
614 1963 741 2023 Umbrae
755 1963 878 2038 dicere;
897 1963 952 2023 sed
967 1963 1065 2042 magis

490 2062 613 2140 Pugnas
627 2072 659 2122 et
672 2073 798 2123 exactos
811 2073 956 2142 tyrannos

529 2163 668 2222 Densum
682 2161 816 2222 humeris
829 2161 907 2222 bibit
921 2179 992 2220 aure
1007 2160 1121 2239 volgus.

450 2361 533 2436 Quid
547 2363 675 2424 mirum?
695 2365 747 2424 ubi
762 2363 822 2424 illis
837 2363 1021 2423 carminibus
1035 2370 1163 2440 stupens

451 2461 590 2522 Demittit
603 2474 686 2524 atras
701 2463 794 2523 belua
807 2461 962 2539 centiceps

490 2562 598 2634 Aures,
609 2572 641 2622 et
654 2562 757 2622 intorti
772 2561 890 2640 capillis

531 2660 734 2722 Eumenidum
749 2668 923 2732 recreantur
936 2677 1051 2738 angues
1059 2681 1069 2734 3

450 2859 533 2932 Quin
548 2870 580 2920 ct
594 2863 793 2922 Prometheus
807 2871 838 2922 et
853 2861 976 2938 Pelopis
990 2877 1101 2939 parens

450 2957 542 3018 Dulci
556 2959 691 3020 laborum
707 2959 856 3037 decipitur
869 2977 947 3020 sono
961 2981 969 3034 ;

489 3057 557 3116 Nec
570 3067 657 3117 curat
671 3057 768 3118 Orion
782 3058 887 3118 leones

529 3156 593 3237 Aut
607 3155 729 3216 timidos
743 3155 858 3234 agitare
873 3157 986 3234 lyncas.

328 3377 343 3407 ·
796 3379 977 3442 “Querentem

564 3453 669 3517 Sappho
680 3452 772 3524 puellis
784 3451 815 3502 de
827 3452 1018 3516 popularibus.”

290 3546 442 3596 “Incertum
464 3555 548 3598 autem
571 3557 610 3599 est
632 3548 696 3612 quid
715 3537 1018 3614 quereretur}”-Estr6‚
1037 3547 1263 3612 Horat.-Prosop.‚
1282 3549 1320 3600 ad

290 3621 364 3672 listro
374 3623 437 3672 cites
448 3623 492 3674 the
503 3625 605 3675 various
620 3624 827 3688 interpretations
844 3623 895 3674 and
911 3623 1017 3673 inclines
1034 3630 1061 3673 to
1078 3623 1134 3672 that
1150 3624 1180 3674 ol
1194 3625 1236 3674 the
1254 3639 1322 3674 com·

288 3706 428 3748 mentators
446 3699 473 3748 in
495 3699 713 3766 &nquius-viz,
731 3699 838 3762 Sappho
856 3699 1016 3763 complaincd
1039 3699 1069 3748 ol
1087 3698 1130 3750 the
1152 3699 1214 3764 girls
1231 3702 1261 3751 ol
1277 3701 1323 3752 her

289 3781 394 3840 country
407 3774 462 3824 that
478 3775 538 3842 they
551 3777 626 3828 loved
640 3777 728 3826 Phaon
744 3775 829 3824 whom
845 3774 892 3824 she
909 3775 991 3826 loved.
1026 3775 1090 3826 This
1102 3775 1132 3836 is,
1142 3783 1168 3826 et
1180 3777 1212 3826 all
1225 3783 1322 3838 events,

288 3851 331 3900 the
350 3857 419 3900 most
437 3853 569 3915 agreeable
588 3851 740 3916 conjecture.
787 3849 907 3900 Welcker
924 3850 971 3902 has
988 3851 1087 3902 written
1105 3851 1166 3902 with
1188 3851 1323 3918 ingenious

289 3926 428 3988 eloquence
445 3927 472 3976 in
488 3926 642 3978 vindication
659 3926 688 3976 ol
703 3924 831 3989 Sappho’s
847 3939 960 3992 memory
972 3925 1035 3978 horn
1047 3927 1091 3977 the
1105 3927 1218 3989 scandal,
1230 3929 1323 3995 “quod

289 4000 363 4051 nimis
374 4001 418 4051 diu
429 4001 453 4052 ei
464 4001 596 4054 adhaesit.”
